2864 4756
186 314 248 377 254
597 326 654 384 Sat.
674 327 710 398 H,
731 332 753 382 1.
773 344 797 382 v.
816 329 927 383 70-73.

253 495 381 563 Scilicet
403 499 457 564 uui
480 517 602 580 aequus
623 500 737 566 virtuti
759 507 856 581 atque
877 501 945 567 eius
968 499 1086 566 amieis.
1283 506 1322 560 70

252 606 335 684 Quia
357 609 412 675 ubi
436 629 471 676 se
493 629 513 676 a
534 611 630 693 vulgo
654 614 688 676 et
710 629 806 678 scena
828 611 860 676 in
883 616 1009 678 secreta
1030 616 1197 677 remorant

250 718 362 785 Virtus
386 720 554 802 Scipiadae
577 727 612 787 et
633 722 719 787 mitis
746 722 905 804 sapientia
925 722 1025 804 Laeli,

250 829 373 911 Nugsri
396 851 468 897 cum
490 832 545 898 illo
570 837 603 898 et
625 833 771 898 discincti
793 833 914 915 ludere,
938 834 1039 899 donec

187 981 230 1035 die
248 981 355 1038 Geissel
373 985 422 1039 der
442 984 531 1040 Satira
550 985 687 1055 schwang,
714 984 809 1040 lehren
827 986 940 1040 manche
958 986 1028 1040 noch
1048 984 1220 1040 vorhsndene
1240 985 1324 1054 Frag-

185 1079 283 1125 ments.
321 1073 472 1128 Trebonius
491 1073 527 1128 ad
545 1073 664 1127 Ciceron.
683 1074 734 1142 Ep.
755 1075 829 1128 Fam.
850 1077 895 1142 12,
918 1075 950 1126 16
970 1075 1007 1128 In
1025 1074 1123 1141 quibus
1141 1075 1282 1128 uersiculis
1300 1073 1327 1125 si

185 1162 235 1214 tibi
257 1161 421 1228 quibusdam
443 1162 532 1215 uerbis
558 1160 845 1234 εὐθυῤῥημονέστερος
868 1162 994 1229 uidebor,
1022 1163 1164 1231 turpitudo
1187 1177 1324 1230 personae

185 1248 255 1315 eius,
275 1250 305 1302 in
323 1266 406 1317 qaum
424 1249 535 1304 liberius
553 1249 716 1316 invehimur,
736 1265 788 1303 nos
806 1250 962 1317 vindicabit.
982 1283 1017 1292 -
1040 1251 1150 1304 Deinde
1168 1251 1218 1318 qui
1233 1250 1325 1318 mapis

185 1336 235 1390 boc
254 1339 363 1392 Lucilio
383 1338 491 1391 licuerit
508 1353 644 1390 assumere
663 1338 796 1391 libertatis
815 1353 896 1406 quam
914 1339 1008 1406 nens,
1032 1354 1107 1405 cum,
1131 1338 1240 1392 etiamsi
1257 1338 1322 1392 odic

182 1427 253 1492 pari
267 1427 353 1493 fuerit
370 1427 401 1478 in
420 1441 465 1477 ecs
483 1441 551 1494 quos
570 1426 660 1491 laesit,
685 1431 774 1479 missen
799 1432 868 1481 certe
886 1443 943 1481 non
961 1428 1050 1496 mapis
1069 1427 1168 1495 dipnos
1186 1427 1321 1492 babcmrit,

186 1515 217 1567 in
240 1529 309 1581 quos
332 1517 410 1566 tanta
429 1514 550 1568 libertate
567 1514 711 1567 uerborum
728 1513 901 1568 incurreret?
919 1547 953 1558 -
977 1512 1109 1569 tributim.
1146 1514 1323 1568 Torrentius:

186 1602 308 1659 tributim
327 1601 450 1667 additur,
469 1605 501 1655 ut
518 1602 607 1670 mapis
625 1607 735 1670 constet,
753 1604 859 1657 nemini
876 1589 936 1657 eum
951 1605 1112 1672 pepercisse.
1131 1603 1234 1658 Nullus
1252 1603 1324 1655 enim

186 1692 291 1745 Romae
313 1691 379 1744 cinis
403 1690 505 1757 absque
523 1689 604 1743 tribu.
641 1691 722 1744 Recte
739 1707 803 1760 erpo
823 1693 936 1745 Persius
955 1693 990 1762 (1,
1011 1689 1070 1759 114)
1088 1692 1180 1746 Secuit
1196 1691 1325 1744 Iunilius

185 1780 285 1832 urbem.
322 1777 374 1832 Die
392 1793 445 1831 von
463 1776 576 1831 Lambin
600 1776 822 1846 aufgenommene
844 1779 900 1833 und
923 1796 977 1836 von
995 1781 1139 1835 Turnebus
1163 1778 1277 1833 Advers.
1297 1781 1322 1846 7,

187 1871 218 1920 11
238 1880 424 1935 vorgezogene
442 1866 541 1920 Lesart
557 1881 621 1934 pop.
641 1866 782 1934 tributum,
801 1865 818 1920 f.
834 1869 940 1935 plebem
957 1869 1088 1937 infimam,
1108 1867 1144 1922 ist
1163 1882 1249 1936 gegen
1268 1866 1322 1920 den

186 1954 440 2024 Sprachgebrauch,
469 1954 504 2008 da
526 1955 643 2008 tributus
667 1954 728 2008 blos
753 1953 781 2006 in
805 1953 854 2008 der
875 1956 1052 2026 Verbindung
1078 1958 1189 2010 canitia
1215 1955 1321 2011 mibuta

185 2043 345 2098 vorktmmt.
364 2077 398 2086 -
416 2061 440 2097 v.
460 2047 501 2097 70.
526 2043 632 2097 Scilicet
649 2043 701 2096 uni
717 2059 773 2110 aeq.
809 2043 915 2098 Scilicet
933 2052 1024 2114 erregt
1041 2043 1101 2098 hier
1118 2043 1320 2098 Animerksam-

185 2131 243 2185 keit
261 2130 311 2186 auf
327 2131 374 2186 das
394 2131 542 2200 Folgende.
563 2130 589 2185 S.
609 2131 680 2185 Voss
700 2148 735 2185 zu
753 2131 826 2200 Virg.
846 2131 943 2201 Georg.
964 2138 987 2202 1,
1006 2136 1065 2188 282.
1085 2165 1119 2175 -
1137 2149 1160 2186 v.
1181 2136 1222 2186 71.
1246 2131 1321 2200 Quin

184 2221 239 2273 ubi.
280 2219 328 2288 Ja,
354 2235 432 2273 wenn
456 2219 515 2272 sich
538 2218 629 2288 Scipio
654 2219 710 2273 und
729 2219 823 2275 Ltlius
847 2220 897 2275 aui
917 2220 977 2276 eine
1000 2221 1071 2275 Villa
1095 2221 1320 2290 zurtlckgezogen

184 2309 294 2376 hatten,
320 2324 375 2362 war
396 2307 518 2363 Lucilius
542 2308 585 2361 ihr
608 2306 723 2362 liebster
745 2307 963 2364 Gesellschafter.
976 2310 1021 2352 “-
1048 2325 1066 2363 a
1084 2311 1165 2378 culpo
1187 2315 1214 2364 et
1232 2324 1319 2364 scena

187 2395 275 2449 Schol.
296 2394 374 2463 Cruq.
393 2412 411 2448 a
425 2397 536 2464 publico
556 2402 706 2463 conspectu.
734 2394 786 2450 Cic.
807 2395 842 2450 ad
859 2396 936 2451 Brut.
955 2396 1007 2466 Ep.
1026 2399 1043 2451 9
1061 2399 1111 2451 tibi
1127 2413 1202 2451 rcunc
1214 2397 1320 2465 populo

187 2489 213 2537 et
229 2500 339 2550 scenae,
358 2490 389 2538 ut
407 2485 524 2552 dieitur,
543 2483 717 2538 seruiendum
735 2489 780 2539 est.
816 2484 908 2539 Daber
926 2487 1024 2553 afferre
1041 2485 1150 2553 aliquid
1165 2487 1195 2540 in
1212 2499 1318 2538 sunam

185 2573 228 2638 (in
246 2574 373 2626 rcotitiam
392 2573 523 2639 oninium)
543 2571 595 2627 Cic.
616 2573 649 2627 de
667 2570 741 2626 Orat.
762 2575 791 2640 3,
811 2574 858 2641 40,
882 2572 939 2626 und
956 2573 1060 2626 minore
1078 2589 1160 2627 scerca
1177 2571 1195 2627 i
1212 2573 1316 2626 minore

184 2666 325 2729 apparatu
348 2664 373 2714 et
395 2661 574 2715 ostentatione
594 2660 706 2715 Sueten.
726 2659 808 2729 Calig.
829 2664 869 2714 15.
888 2693 922 2702 —
944 2661 975 2714 in
998 2667 1107 2722 secreta.
1144 2659 1229 2716 Tacit.
1248 2660 1318 2714 Ann.

188 2751 232 2815 14,
253 2752 287 2802 53
314 2749 458 2817 Anpustus
481 2750 522 2803 M.
546 2752 689 2820 Aprippae
713 2749 892 2818 Mitptemnse
915 2754 1045 2802 secretum
1065 2751 1199 2817 permisit.
1243 2746 1318 2802 Suet.

187 2834 268 2904 Calig.
291 2839 324 2890 23
352 2837 441 2891 Arriae
462 2839 602 2892 Ananiae
628 2843 758 2892 secretum
781 2838 884 2906 petenti
910 2835 1059 2905 denepcait.
1099 2838 1156 2891 Far
1179 2840 1321 2891 remorant

185 2931 256 2978 ware
278 2923 339 2978 dem
357 2924 499 2980 Gebrauch
518 2925 565 2981 des
584 2926 675 2981 Horsz
695 2931 833 2995 gemisser
850 2931 977 2980 remorat.
1016 2924 1041 2979 S.
1062 2924 1151 2979 Bentl.
1171 2941 1207 2978 zu
1225 2922 1273 2978 Od.
1294 2928 1318 2992 1,

185 3016 227 3081 24,
248 3017 272 3068 S.
291 3046 324 3054 -
343 3031 367 3067 v.
388 3018 428 3067 72.
452 3016 547 3070 Virtus
564 3013 719 3082 Scipiadae.
743 3012 770 3067 S.
789 3030 824 3066 zu
843 3029 867 3065 v.
890 3016 921 3066 17
941 3011 995 3066 und
1015 3030 1051 3067 zu
1070 3017 1093 3080 1,
1112 3016 1137 3081 2,
1157 3015 1199 3067 32.
1218 3044 1253 3054 -
1270 3014 1320 3066 mi-

184 3103 220 3155 tis
238 3103 374 3169 sapientia
392 3103 480 3158 Laeli.
507 3102 548 3157 Er
565 3104 643 3158 hatte
661 3102 697 3156 im
715 3101 858 3156 Publikum
876 3101 929 3155 den
946 3100 1092 3155 Beiuamen
1109 3100 1234 3167 Sapiens.
1259 3100 1320 3154 Den

185 3188 246 3243 hier
269 3190 465 3246 bezeichneten
488 3191 635 3246 Character
659 3190 735 3245 stelit
754 3188 861 3244 Ciceros
882 3187 982 3243 Schrift
1005 3188 1038 3242 de
1060 3189 1182 3243 amicitia
1208 3187 1264 3243 dar.
1284 3221 1318 3231 -

185 3295 210 3331 v.
231 3281 272 3332 73.
296 3279 428 3334 discincti.
467 3278 555 3335 Schol.
576 3279 655 3348 Cruq.
678 3297 735 3333 non
754 3284 863 3345 cesum,
885 3277 933 3332 sed
955 3276 1077 3346 expediti
1098 3278 1251 3332 maioribus
1273 3293 1319 3330 ne·

183 3367 266 3435 potiis
284 3372 309 3420 et
327 3367 458 3435 depositis
474 3369 560 3422 seriis.
588 3367 753 3439 (Allerdings
771 3366 880 3422 bezieht
900 3366 958 3420 sich
977 3367 1103 3420 discimti
1120 3366 1254 3420 nantchst
1273 3363 1323 3419 auf

186 3453 229 3509 die
242 3454 387 3525 Kleidung.
408 3455 569 3511 Oeffentlich
587 3455 650 3526 ging
667 3472 729 3510 maa
746 3454 794 3509 mit
812 3461 969 3523 gegurteter
987 3456 1080 3508 tunica
1099 3453 1136 3523 (S.
1150 3471 1185 3507 zu
1201 3458 1223 3522 l,
1237 3456 1261 3521 2,
1275 3449 1319 3518 25)

184 3542 242 3596 und
259 3543 287 3597 in
307 3544 356 3598 der
374 3546 462 3614 Toga,
487 3561 523 3599 zu
540 3544 634 3600 Hause
652 3561 707 3599 aar
724 3560 787 3598 man
805 3543 972 3608 discinctis.)
1007 3542 1102 3610 Scipio
1121 3543 1277 3608 seccanae
1295 3545 1320 3594 et

185 3632 299 3686 Laelius
308 3633 438 3700 seruntur
450 3638 506 3687 tam
521 3635 608 3701 fnisse
623 3634 779 3702 familiares
796 3637 823 3685 et
838 3633 921 3686 amici
932 3630 1051 3698 Inicilio,
1070 3636 1102 3684 ut
1118 3628 1238 3698 quodam
1256 3633 1318 3682 um·

181 3737 251 3788 pore
271 3721 367 3777 Laelio
390 3724 493 3776 circum
514 3724 595 3776 lectos
616 3722 733 3776 triclinii
752 3721 873 3790 sapienti
894 3719 1021 3774 Inccclius
1044 3718 1237 3786 superueniens
1259 3733 1320 3772 ωιιιι

186 3810 292 3864 obtorta
308 3827 413 3879 mappa
431 3813 513 3880 quasi
527 3811 663 3878 feriturus
681 3814 843 3878 sequeretur.
882 3806 934 3861 Cic.
953 3807 987 3862 de
1005 3805 1078 3862 Crat.
1098 3810 1123 3875 2,
1135 3809 1159 3862 ,6
1177 3805 1264 3873 Saepe
1283 3820 1317 3858 en

185 3912 277 3952 socero
302 3915 358 3953 meo
382 3899 494 3967 audini,
519 3906 580 3969 sagi
599 3898 661 3954 dart
680 3897 807 3966 Crassus,
833 3912 895 3951 cum
912 3898 937 3950 is
955 3895 1068 3963 diceret,
1092 3909 1215 3948 socerum
1236 3907 1317 3946 suum

185 3985 311 4039 Laelium
329 4002 430 4057 semper
446 3990 505 4055 fere
523 4004 582 4042 cum
599 3986 728 4055 Scipione
745 3988 854 4063 solitum
871 3985 1018 4050 rusticari,
1038 3999 1134 4051 eosque
1151 3979 1318 4036 incredibili·

184 4077 225 4126 ter
243 4089 431 4141 repuerascere
453 4092 509 4130 esse
526 4077 635 4144 solitos,
660 4090 721 4129 cum
740 4091 789 4128 rus
807 4091 840 4129 ecc
857 4075 924 4128 urbe
943 4079 1073 4141 tanquam
1090 4088 1105 4124 e
1122 4071 1240 4126 uinculis
1257 4085 1317 4124 ecc·

184 4163 320 4217 lavissent.
357 4164 423 4219 Non
446 4166 532 4221 audeo
557 4165 646 4218 dicere
669 4162 701 4219 de
719 4163 819 4217 talibus
836 4163 915 4229 airis,
935 4161 984 4216 sed
1000 4167 1090 4216 tamen
1108 4162 1150 4216 ita
1167 4162 1235 4216 solet
1250 4174 1317 4213 nar·

183 4266 247 4307 rare
265 4251 407 4322 Scaeuola,
432 4255 551 4310 concitas
576 4269 619 4310 eos
640 4257 667 4308 et
689 4253 829 4308 umbilicos
852 4250 891 4305 ccl
909 4249 1029 4306 Caietam
1046 4255 1072 4306 et
1089 4250 1128 4304 ad
1144 4251 1318 4305 Laurentum
