2864 4756
149 311 211 371 402
555 319 611 373 sat.
631 319 667 388 11,
687 322 709 373 o.
730 337 754 373 v.
775 322 886 374 70-ορ.

198 492 259 555 'Et
280 509 362 572 quae
386 492 429 556 sit
449 498 565 556 natura
586 491 660 557 boni
681 508 904 571 summumque
927 489 1004 571 quid
1025 490 1126 559 eius..

215 602 348 666 Cervius
372 602 451 667 haec
472 601 559 668 inter
581 602 704 666 vicinus
725 602 829 683 garrit
851 601 944 667 anihs

213 713 261 777 Ex
284 732 320 777 re
342 711 486 778 fabellas.
532 712 566 778 si
586 712 657 794 quis
679 731 751 777 narn
773 712 885 778 laudat
907 711 1007 778 Arelli

213 823 374 888 Sollicitas
395 822 526 905 ignarus
549 841 636 904 opes,
659 823 704 888 sio
726 823 856 904 incipit:
879 823 962 888 Olim

211 933 362 999 Rusticus
383 935 542 1000 urbanum
565 951 687 1000 murem
709 952 781 999 rnus
803 952 946 1015 paupere
968 932 1073 999 fertur

213 1045 386 1125 Accepisse
408 1063 497 1126 caro,
519 1050 662 1112 veterem
688 1049 781 1110 vetus
803 1044 921 1125 hospes
944 1044 1097 1125 amioum3

213 1156 319 1237 Asper
341 1161 374 1221 et
395 1161 540 1222 attentus
563 1156 729 1238 quaesitis,
751 1159 789 1220 ut
809 1159 918 1221 tamen
940 1159 1046 1220 artum

147 1339 261 1393 Rectum
284 1336 321 1391 ist
344 1336 402 1390 hier
427 1336 471 1390 die
495 1337 610 1407 Tagend
632 1335 799 1408 uberhaupt,
823 1337 951 1391 boueslas
971 1337 1059 1392 Schol
1083 1335 1162 1407 Ornq.
1202 1339 1231 1394 S.
1251 1357 1287 1395 zu

156 1428 312 1494 1,1‚107;
349 1423 402 1478 (lia
423 1424 456 1479 de
474 1425 582 1480 Amisit.
607 1429 637 1495 8,
660 1443 702 1481 uo
725 1441 755 1480 er
778 1427 849 1479 nach
872 1425 1011 1480 stoisohen
1029 1424 1224 1481 Grundsatzen
1243 1428 1288 1482 die

148 1512 243 1579 Quelle
262 1512 312 1566 der
330 1512 533 1567 Freundsohail
551 1512 693 1584 aufsuoht,
717 1520 792 1583 sagt,
818 1513 861 1568 ilie
880 1512 1082 1569 Freundsohait
1101 1515 1213 1570 scheine
1230 1516 1288 1570 ihn'r

147 1616 197 1655 aus
223 1600 272 1654 der
294 1601 386 1655 Natus
409 1608 609 1671 entsprungen;
638 1602 695 1657 dies
722 1603 788 1657 sehe
811 1619 872 1657 mun
895 1602 980 1656 sehon
1003 1617 1038 1656 an
1061 1600 1111 1657 der
1130 1603 1218 1658 Liebe
1237 1605 1287 1658 der

147 1687 246 1741 Thiere
274 1704 309 1741 zu
336 1684 415 1742 ihren
442 1689 563 1760 Jungen,
591 1692 661 1745 noch
686 1689 750 1746 weit
782 1690 935 1746 deutlicher
966 1706 1001 1744 au
1034 1689 1096 1744 dem
1122 1690 1283 1761 Menschen,

143 1777 268 1845 prinlum
286 1791 321 1828 eu
337 1792 371 1829 ea
389 1779 514 1846 caritate,
533 1795 603 1846 puae
621 1785 660 1834 est
677 1781 750 1834 iuter
766 1785 849 1834 uates
867 1784 893 1833 ei
904 1783 1036 1845 parentes
1054 1818 1060 1832 .
1080 1818 1086 1832 .
1106 1778 1205 1832 deiude
1224 1794 1285 1834 mem

146 1865 246 1918 similis
265 1880 360 1918 seusus
377 1867 481 1919 exsilit
497 1868 609 1935 ameris,
629 1870 656 1922 si
673 1870 791 1937 aliquem
808 1869 887 1921 0001·
903 1880 1006 1934 sumus,
1024 1867 1103 1920 ouius
1119 1881 1182 1919 cam
1199 1868 1284 1921 mori-

148 1953 198 2006 bus
223 1957 249 2005 et
274 1956 379 2006 matura
405 1968 606 2023 coupruamus,
637 1956 727 2025 quoa
752 1958 786 2010 iu
813 1971 848 2010 eo
875 1956 976 2023 quasi
1002 1955 1113 2008 lumem
1139 1956 1287 2023 aliquod

144 2042 340 2109 probitatis
364 2046 394 2096 et
416 2045 559 2097 uirtutis
574 2047 771 2114 perspicere
792 2044 978 2098 uideamur.
1015 2042 1115 2099 Nihil
1131 2048 1183 2096 est
1199 2045 1286 2098 euim

149 2131 334 2185 amabilius
351 2132 493 2198 virtute,
512 2133 605 2187 uibil
622 2134 709 2201 quod
725 2134 832 2203 mapis
850 2133 988 2187 alliciat
1005 2130 1048 2207 uri
1060 2131 1283 2202 dilipeudum,

147 2219 273 2287 quippe
291 2234 364 2272 eum
377 2225 525 2287 propter·
542 2223 702 2274 uirtutem
721 2226 752 2274 et
765 2221 970 2290 probitatem
987 2235 1043 2273 eos
1061 2219 1179 2287 etiam,
1200 2237 1284 2290 quos

148 2322 324 2374 uuuquam
343 2307 504 2375 uidimus,
522 2310 764 2376 quodammodo
783 2309 977 2378 dilipamus.
990 2341 1025 2350 -
1037 2323 1061 2361 r.
1076 2309 1118 2360 76.
1135 2322 1283 2362 summum·

148 2411 197 2463 pue
216 2395 284 2463 quial
302 2396 370 2463 eius,
389 2393 418 2450 si
437 2397 510 2456 τέλος
527 2399 583 2450 τῶν
601 2395 727 2468 ἀγαθῶν,
747 2397 791 2451 die
809 2397 837 2450 in
850 2396 957 2451 Ciceros
976 2395 1102 2449 Buchern
1121 2395 1155 2449 de
1168 2395 1282 2452 Finibus

148 2484 247 2538 Bonor.
273 2491 301 2537 et
324 2484 419 2538 Maior.
445 2486 625 2540 untersuchte
647 2484 770 2540 Materie.
794 2519 828 2528 -
852 2502 875 2538 v.
901 2488 941 2538 77.
967 2475 1078 2538 uuiles.⁴
1099 2484 1157 2539 Das
1181 2485 1282 2554 griech.

146 2578 242 2645 γραῶν
260 2569 352 2637 ὕθλος,
371 2575 468 2645 γραῶν
485 2575 581 2643 μῦθοι.
620 2573 646 2627 S.
666 2590 700 2627 m.
719 2575 752 2629 N.
773 2591 808 2628 zu
827 2575 896 2628 Plau.
917 2572 997 2641 Gorg.
1018 2571 1041 2640 ἓ
1063 2575 1121 2626 174.
1141 2606 1175 2616 -
1195 2590 1220 2628 v.
1240 2578 1281 2630 78.

147 2663 256 2728 Eure,
279 2661 322 2714 uti
342 2675 387 2714 res
406 2660 462 2726 feri
484 2661 679 2730 adpostulat,
699 2661 757 2716 wie
775 2678 808 2717 es
828 2662 885 2717 der
902 2660 1122 2730 Gegenstand
1141 2661 1201 2716 des
1220 2662 1282 2717 Ge·

148 2750 308 2818 00011010,
331 2747 386 2802 die
404 2747 631 2817 Gelegenheit
650 2749 748 2819 giebt.
789 2750 877 2806 Schol
896 2751 960 2805 Aer.
973 2766 1031 2818 pra
1049 2749 1202 2819 commodo,
1221 2753 1240 2804 i.
1259 2767 1282 2805 a

147 2855 205 2892 uou
225 2839 286 2890 siue
307 2850 406 2904 causa,
434 2835 482 2890 secl
505 2835 544 2889 ad
566 2839 717 2904 euempluru
738 2840 781 2892 rei
796 2840 959 2909 propositae
979 2838 1156 2907 pertineatis.
1194 2839 1281 2893 Tacit

147 2926 216 2979 Ann.
239 2930 267 2992 1,
292 2927 328 2979 24
351 2925 430 2979 Haeo
453 2925 590 2978 Tiberium
606 2928 764 2996 perpulere,
790 2933 822 2982 ut
841 2930 1020 2983 Drusum..
1039 2928 1169 2994 mitteret,
1193 2929 1280 2982 uallis

147 3014 216 3067 satis
234 3015 313 3068 certis
331 3012 487 3080 uaaudatis5
510 3029 545 3067 eu
567 3028 597 3067 re
620 3017 815 3071 cousullurum.
852 3015 907 3070 Das
931 3013 1092 3084 Gegentheil
1115 3013 1152 3069 ist
1176 3015 1227 3069 abs
1244 3030 1281 3071 re.

146 3100 275 3170 Lambin,
303 3116 381 3156 wenn
404 3115 435 3154 er
457 3099 516 3154 hier
537 3117 586 3156 vor
609 3103 658 3157 der
681 3103 838 3174 Erkllrung
857 3103 904 3158 des
923 3104 1033 3172 uulpus,
1060 3119 1116 3157 acu
1135 3103 1244 3158 alieuas
1263 3121 1282 3158 a

144 3191 289 3259 proposito
307 3205 438 3257 sermome,
457 3196 545 3245 warnt
564 3191 621 3246 und
632 3207 666 3247 eu
677 3208 708 3246 re
719 3193 832 3262 erklirt,
850 3209 885 3247 eu
896 3208 959 3260 usu,
977 3193 1066 3259 utiles,
1086 3193 1283 3248 verneohselte

145 3279 205 3332 hier
222 3295 255 3333 00
273 3295 303 3332 re
321 3277 369 3333 mit
388 3294 422 3332 ea
439 3295 468 3333 re
486 3295 561 3347 mea,
583 3281 776 3348 carausius,
796 3297 810 3334 0
827 3298 858 3335 re
872 3282 993 3350 publica.
1019 3313 1053 3322 —-
1075 3279 1109 3354 Si
1126 3282 1189 3349 quia
1206 3296 1280 3336 uum.

147 3369 222 3423 Nam
239 3366 420 3436 nachgestellt
440 3366 489 3421 wie
509 3371 533 3435 2,
554 3371 578 3436 3,
599 3372 640 3422 20.
670 3368 707 3423 So
725 3368 781 3424 fast
799 3370 852 3424 alle
864 3369 958 3439 Codri,
977 3385 1029 3424 nur
1046 3369 1074 3422 in
1093 3368 1196 3424 ancien
1214 3368 1282 3424 fund

147 3455 236 3510 Bentl.
256 3456 332 3511 Nam
349 3454 376 3506 si
393 3457 462 3523 puis.
499 3454 699 3525 [Hyperbaton
722 3457 792 3511 ohne
814 3456 978 3513 metrisohen
1002 3458 1115 3526 Anlass3
1138 3457 1198 3512 blos
1217 3474 1281 3512 rum

147 3542 329 3598 Untersehied
350 3559 402 3596 von
426 3543 476 3597 der
497 3544 598 3597 Prosa:
621 3544 695 3612 quad
712 3545 914 3612 primarius
935 3546 1045 3600 uerbum
1066 3551 1117 3614 est,
1138 3546 1281 3614 posterius

145 3633 224 3699 facit,
243 3631 313 3684 nach
332 3631 389 3685 Sat.
412 3636 439 3700 1,
458 3634 488 3701 4,
509 3633 573 3697 hb]
591 3663 626 3673 —
643 3632 738 3687 Arelli.
775 3623 898 3690 Arellius
923 3633 967 3688 ein
990 3641 1068 3689 sonat
1091 3633 1282 3689 unbekannter

146 3736 248 3774 auarus
271 3719 299 3772 in
318 3720 367 3773 der
384 3719 608 3774 Naehharsehaft.
632 3752 665 3762 —
689 3737 713 3774 v.
739 3723 779 3775 79.
810 3723 895 3791 Olim,
919 3721 1055 3786 einmal,
1079 3722 1160 3790 ποτὲ,
1185 3722 1234 3778 das
1251 3718 1280 3776 in

146 3807 250 3861 Fabeln
268 3807 324 3861 und
342 3807 536 3878 Erzihlungen
554 3808 738 3877 gewbhnliche
756 3810 845 3866 Wart.
873 3810 962 3880 Epist.
985 3815 1008 3879 l,
1024 3815 1047 3880 1,
1061 3813 1094 3864 73
1115 3811 1187 3865 Olim
1206 3810 1280 3880 quoii

144 3899 238 3965 uulpes
255 3903 366 3966 asprata
384 3903 466 3951 cauta
484 3899 558 3952 leoui
574 3897 725 3966 respoudit,
745 3900 871 3965 referam.
899 3899 999 3954 Donat.
1019 3916 1055 3952 zu
1067 3899 1179 3953 Terent.
1192 3899 1277 3954 Andr.

144 3989 173 4054 5,
193 3988 223 4053 4,
243 3988 278 4038 20
301 3985 387 4040 Olim
407 3986 520 4052 fabullae
541 3987 659 4040 iuiiiuru.
699 3986 840 4056 Aristoph.
866 3989 948 4057 Vesp.
975 3991 1043 4042 1177
1068 3984 1148 4042 Οὕτω
1167 3986 1224 4042 ποτ’
1243 3977 1279 4055 ἦν

144 4075 199 4143 μῦς
220 4075 267 4124 καὶ
290 4074 369 4141 γαλῆ.
393 4107 427 4116 -
450 4091 473 4128 v.
498 4077 539 4129 82.
566 4076 672 4142 Asper,
693 4088 800 4141 pareus
826 4081 852 4130 et
878 4091 999 4144 seuerus,
1025 4075 1086 4131 dem
1109 4076 1199 4130 mollis
1221 4075 1277 4130 und

144 4161 306 4215 lusuriosus
324 4167 581 4231 entgegengesetzt,
604 4162 655 4217 uie
676 4177 776 4230 aspera
793 4168 896 4232 uirtus,
913 4180 982 4236 psus
999 4165 1141 4218 laboribus
1159 4169 1186 4219 et
1203 4164 1277 4219 bellis

144 4265 251 4319 aspera
271 4281 305 4291 -
324 4255 444 4304 alieuius
461 4252 607 4319 quaesitis,
631 4252 682 4308 wie
704 4257 824 4309 alieuius
847 4253 886 4307 ad
905 4269 963 4308 rem
985 4253 1095 4307 Terent.
1114 4250 1231 4322 Adelph.
1250 4253 1275 4321 h,
