2864 4756
575 320 630 374 Sat.
652 319 673 387 Ι,
692 323 716 373 6.
737 337 760 372 s.
781 321 894 372 60-69.

235 494 307 574 Sed,
332 495 415 574 quod
439 513 536 572 eram,
559 511 669 558 narro:
693 492 877 573 respondes,
901 496 937 555 ut
959 496 1034 556 tuus
1057 496 1107 556 est
1129 511 1207 571 mos,
1263 497 1303 552 60
1342 578 1348 583 -

235 605 357 669 Pauca:
382 605 479 669 abeo:
503 608 536 667 et
557 621 690 668 revocas
712 621 795 666 nono
817 606 891 683 post
912 620 1021 666 mense
1044 602 1199 683 iubesque

233 716 314 779 Esse
337 715 369 778 in
392 715 565 779 amicorum
587 731 728 797 numero.
773 710 926 794 Magnum
947 712 1007 778 hos
1030 731 1089 793 ego
1112 714 1204 793 duco,

234 826 326 903 Quod
347 825 454 906 placui
476 824 544 904 tibi,
568 825 622 904 qui
643 823 731 905 turpi
756 823 895 889 secernis
921 823 1092 888 honestum

234 937 306 1000 Non
328 939 421 1017 patre
446 935 623 1016 praeclare,
647 935 705 999 sed
726 933 793 998 vita
815 938 848 998 et
869 937 1000 1014 pectore
1023 952 1113 1014 puro.

233 1047 332 1126 Atqui
355 1046 382 1110 si
404 1046 490 1110 vitiis
513 1045 726 1110 mediocribus
749 1063 786 1109 ac
808 1063 880 1108 mea
900 1044 1012 1123 paucis

233 1157 389 1222 Mendoss
411 1160 462 1221 est
484 1160 608 1235 natura,
631 1154 749 1236 alioqui
771 1159 868 1234 recta,
891 1156 981 1219 velut
1004 1156 1030 1220 si
1124 1239 1126 1242 y

234 1268 375 1348 Egregio
398 1267 560 1347 inspersos
583 1266 759 1346 reprendas
783 1283 916 1346 corpore
938 1287 1073 1349 naevos;

235 1379 268 1442 Si
290 1395 394 1458 neque
417 1377 584 1441 avaritiam
607 1395 710 1457 neque
733 1376 835 1441 sordis
859 1395 895 1442 ac
917 1379 1001 1443 mala
1022 1379 1126 1445 lustra

235 1488 373 1554 Obiiciet
393 1506 469 1552 vere
492 1486 659 1567 quisquam
681 1486 773 1568 mihi3
796 1506 897 1568 purus
919 1492 953 1553 et
974 1489 1083 1556 insons
1113 1473 1116 1480 ¹

172 1687 328 1742 Satureiano
346 1686 373 1737 in
393 1685 440 1738 der
458 1685 536 1740 Nahe
555 1700 608 1738 von
621 1684 730 1739 Tacent.
744 1718 778 1727 —-
796 1687 924 1754 cabades,
944 1686 993 1741 πίε
1012 1703 1096 1742 unser
1113 1687 1200 1743 Gaul
1218 1689 1311 1743 weder

170 1777 214 1829 fur
233 1775 275 1827 die
295 1773 404 1842 epische
429 1774 499 1826 noch
521 1773 636 1840 lyrischc
654 1773 751 1827 Possis
770 1774 830 1827 edel
849 1791 951 1844 genug,
977 1776 1061 1830 daher
1078 1776 1123 1830 bei
1139 1776 1262 1831 Juvena1
1282 1781 1308 1846 3,

174 1869 224 1920 118
255 1865 416 1933 Geryoneae
439 1861 559 1914 cadoldus
585 1877 646 1914 vom
670 1862 791 1930 Pegasus
816 1863 970 1918 scherzhaft
996 1871 1092 1934 gesagt
1119 1865 1170 1933 ist,
1198 1864 1248 1919 πίε
1272 1865 1309 1918 im

144 1978 146 1983 ·
172 1953 279 2020 Prolog.
299 1967 351 2004 von
370 1951 445 2003 Pers.
469 1950 535 2016 sons
558 1950 708 2003 cubuilinns
728 1967 780 2004 von
800 1951 848 2005 der
865 1952 1050 2020 Hippokrene.
1070 1987 1103 1996 -
1122 1970 1145 2006 v.
1165 1955 1207 2006 61.
1232 1969 1308 2008 nono

167 2047 344 2111 pennense.
382 2038 470 2092 Schol.
491 2037 569 2105 Cruq.
591 2039 641 2091 iios
661 2038 739 2107 dicii,
762 2045 793 2093 ni
811 2046 958 2109 apparent,
981 2057 1008 2094 se
1028 2041 1077 2094 din
1094 2043 1266 2110 explorationi
1285 2047 1312 2096 ei

171 2131 279 2186 tondens
296 2131 327 2183 in
345 2128 495 2180 amicitiani
513 2126 661 2180 adinissum
674 2134 772 2195 postea
791 2129 933 2196 displicere
951 2145 1008 2182 non
1023 2144 1111 2196 posse.
1132 2130 1210 2183 Auch
1228 2128 1308 2197 wohl,

172 2218 354 2284 anzudeuten,
374 2216 423 2269 πίε
442 2214 562 2269 entfernt
581 2231 611 2269 er
628 2232 753 2283 genesen
772 2216 819 2283 sei,
840 2217 897 2270 sich
916 2216 960 2269 bei
978 2217 1076 2270 Micen
1097 2216 1310 2286 aufzudrdngen.

172 2340 206 2350 -
226 2325 249 2359 v.
269 2308 311 2359 63.
331 2305 407 2372 tnrpi
426 2319 476 2356 sec.
496 2303 644 2357 honesturn.
682 2304 772 2371 anpi
788 2321 814 2356 u.
834 2304 974 2358 nonenim
992 2303 1050 2358 hier
1068 2320 1127 2373 gen.
1147 2320 1244 2373 maso,
1265 2305 1311 2359 da?

173 2411 258 2463 gegeu
279 2399 308 2461 1,
328 2397 358 2460 3,
380 2396 429 2445 113
453 2392 525 2445 insto
548 2406 684 2445 secernere
709 2392 835 2458 iniynnrn
860 2391 908 2445 das
926 2398 1014 2445 neutr.
1051 2392 1083 2444 In
1101 2393 1202 2461 Prosa,
1227 2396 1276 2462 qni
1293 2412 1312 2448 n

175 2483 252 2549 tnrpi
269 2497 317 2535 sec.
337 2481 400 2534 non.
418 2513 452 2520 -
471 2497 495 2532 v.
514 2481 556 2532 64.
576 2480 641 2532 Non
657 2483 738 2545 petre
752 2480 905 2545 praeclaro.
927 2478 1015 2533 Schol.
1034 2481 1096 2533 Aer.
1113 2487 1224 2550 yrcinrn
1243 2483 1311 2536 milii

172 2576 197 2625 et
227 2570 377 2639 ydoriosnni
402 2569 452 2622 hoc
479 2568 617 2634 cristino,
646 2565 720 2634 ynod
738 2568 835 2634 piceni
857 2568 908 2621 tibi
930 2584 987 2622 non
1005 2575 1121 2637 propter
1143 2570 1309 2626 nobilitatem

171 2663 326 2726 parentum,
345 2656 393 2709 sed
405 2661 520 2724 propter
538 2656 677 2709 honestene
695 2669 780 2708 mern
798 2657 1034 2710 conversationen.
1053 2690 1087 2699 —
1104 2663 1213 2726 pectore
1226 2675 1310 2726 puro.

173 2747 279 2800 Ennius
298 2744 342 2797 bei
355 2743 421 2797 dell.
441 2748 465 2812 7,
487 2748 519 2798 17
537 2761 570 2798 en
588 2744 697 2798 liberios
715 2749 754 2797 est
771 2744 820 2811 qni
832 2749 928 2811 pectus
941 2761 1046 2813 pnrnrn
1064 2751 1090 2800 ei
1104 2746 1213 2811 pinon
1229 2747 1311 2815 perii-

174 2841 220 2890 tne.
240 2867 273 2876 -
292 2850 316 2886 v.
335 2835 377 2886 65.
396 2833 485 2900 Atqui
501 2833 527 2885 si
544 2833 590 2887 nii.
626 2832 701 2886 Nun
720 2832 818 2900 aber,
844 2847 939 2887 wenn
956 2832 1012 2887 ich
1029 2833 1311 2902 Eigenschaften

173 2921 329 2988 besitze,
350 2920 404 2974 die
422 2921 484 2974 mir
503 2921 603 2975 deine
622 2921 730 2975 Liebe
750 2919 929 2989 gewinuen
946 2921 1118 2989 isernien,
1138 2937 1217 2976 wem
1236 2938 1311 2976 ver·

175 3010 287 3065 danke
311 3009 367 3063 ich
392 3008 443 3063 sie
467 3009 518 3062 als
537 3008 681 3062 meinem
699 3009 822 3077 Vster,
848 3008 935 3062 eben
959 3008 1044 3076 dem,
1070 3009 1134 3063 den
1158 3026 1231 3064 man
1249 3009 1311 3063 mir

174 3099 292 3152 immer
311 3096 492 3153 vorwirft?
511 3131 545 3139 -
563 3112 596 3150 uc
614 3113 674 3152 nien
687 3098 789 3164 paneis
806 3096 850 3150 fiir
867 3111 900 3149 ac
914 3098 1015 3165 paneis
1032 3113 1100 3164 men,
1121 3096 1329 3169 eineUmstel·¹

173 3189 239 3256 lung
257 3187 421 3256 (synchysis,
441 3185 633 3254 hyperbaton),
653 3184 703 3239 πίε
718 3190 740 3253 1,
755 3188 780 3253 5,
798 3186 831 3238 49
850 3185 974 3254 Naniyne
989 3187 1051 3253 prin
1070 3188 1154 3255 lippis
1171 3188 1312 3240 inimicum

174 3283 200 3331 ei
218 3276 307 3331 ludere
326 3273 427 3328 crndis.
449 3279 473 3343 1,
493 3278 517 3341 8,
537 3275 571 3327 34
589 3279 724 3341 serpentes
742 3279 821 3341 ctyne
840 3272 943 3327 rideres
960 3274 1090 3341 Infernas
1109 3291 1204 3329 errare
1222 3289 1310 3328 sums.

175 3366 253 3419 Eheu
273 3381 303 3418 so
322 3363 381 3417 hier
398 3379 423 3415 v.
438 3366 471 3417 70
490 3363 515 3415 si
532 3367 557 3416 et
574 3363 634 3416 cino
654 3376 735 3416 conns
753 3362 849 3415 amicis
866 3362 923 3415 und
942 3365 992 3415 122
1010 3379 1095 3431 nnyor
1113 3369 1162 3417 ont
1179 3379 1228 3432 eye
1246 3365 1312 3417 iccio

175 3460 225 3509 nni
241 3455 344 3521 scripto
362 3451 380 3504 f.
398 3467 484 3520 noyon
502 3467 550 3519 eyo
569 3456 619 3504 nni
636 3451 700 3504 lecto
718 3456 768 3504 nni
784 3465 834 3504 scr.
854 3450 913 3518 Vgl.
934 3455 958 3518 1,
979 3454 1020 3519 10,
1042 3454 1081 3506 19.
1095 3485 1129 3494 -
1148 3468 1171 3504 v.
1191 3454 1232 3505 68.
1251 3464 1311 3504 sor-

175 3544 229 3610 des,
244 3543 293 3596 der
306 3541 410 3610 einzige
422 3539 582 3593 lateinische
594 3537 741 3592 Ausdruck
752 3537 796 3591 idr
808 3554 891 3592 unser
905 3537 997 3593 Geiz.
1009 3573 1043 3582 -
1062 3545 1112 3594 nni
1128 3540 1200 3593 mnne
1218 3540 1312 3592 lustra.
1355 3600 1358 3605 ,

178 3633 214 3687 So
233 3632 322 3686 Bentl.
342 3638 411 3685 stati
431 3630 480 3684 des
499 3629 568 3683 nach
585 3644 669 3696 neyne
688 3627 858 3696 unrichtigen
876 3643 908 3682 nc
926 3644 960 3682 n.
980 3630 996 3684 i.
1027 3629 1117 3684 Ueber
1136 3627 1179 3681 die
1197 3625 1241 3681 bei
1258 3625 1312 3680 Ho-

174 3737 221 3774 ras
240 3719 423 3789 gewdhnliche
436 3718 521 3788 Folge
537 3722 780 3785 neque-neyne-cni
797 3732 818 3770 s.
836 3716 896 3770 hier
907 3716 997 3771 Bentl.
1015 3717 1190 3785 Wenigstens
1209 3721 1313 3768 musste

175 3805 246 3862 stati
271 3808 319 3862 des
343 3807 465 3862 falschen
489 3822 521 3860 ce
544 3805 603 3859 hier
627 3804 727 3858 wieder
750 3821 798 3859 nee
822 3804 927 3875 folgen,
952 3821 1007 3861 was
1027 3804 1085 3858 sich
1102 3821 1154 3858 nur
1172 3804 1199 3857 in
1217 3803 1314 3857 Einem

99 3930 104 3935 -
176 3894 241 3950 Cod.
266 3895 338 3949 fand.
357 3929 391 3937 -
415 3898 495 3954 neuin.
534 3895 560 3948 S.
586 3911 621 3948 zu
641 3896 674 3962 1,
695 3899 724 3962 1,
744 3897 784 3948 77.
823 3895 876 3960 [nc
899 3896 973 3947 maia
996 3893 1066 3947 nach
1089 3892 1184 3947 Bland.
1221 3891 1312 3946 Horsz
1378 3956 1382 3963 ὁ

174 3984 264 4037 maoht
289 3999 341 4036 nur
365 3984 448 4037 zwei
466 3983 653 4053 Gegensi'itze,
678 3981 721 4036 die
746 3981 805 4036 sich
827 3982 877 4036 πίε
900 3983 1000 4037 nelern
1024 3981 1080 4035 und
1095 3983 1204 4051 sicyitin
1221 3986 1313 4034 unter-

177 4071 317 4126 soheiden:
338 4070 381 4125 die
394 4072 572 4141 thatkrsftigs
585 4071 768 4126 Habsucht
787 4069 843 4124 und
856 4067 1313 4139 dieunlrrdfiigeGemeinhei13

175 4162 293 4215 lstztere
312 4158 378 4213 wird
397 4158 482 4214 durch
500 4158 767 4228 ihreArtbegriffe:
787 4157 979 4212 Kniokerei
997 4157 1235 4226 undWollusi,
1254 4173 1312 4210 ver-

176 4249 300 4315 trecen]
317 4280 352 4290 -
379 4263 403 4303 v.
423 4250 464 4303 69.
487 4262 579 4316 parus
602 4249 662 4305 hier
688 4248 715 4301 in
733 4247 891 4316 Beziehung
914 4245 964 4302 aui
982 4245 1031 4301 dus
1049 4244 1149 4317 letzie,
1178 4245 1221 4299 die
1240 4246 1314 4300 mala
