2864 4756
202 318 264 378 204
608 323 665 380 Set.
684 322 707 394 1,
726 326 750 378 9.
770 341 794 378 v.
815 325 927 380 64-63,

265 498 432 563 Proximus
455 515 535 562 esse.
578 495 668 562 Velis
690 496 926 562 tantummodo:
950 513 1031 576 quae
1054 499 1111 560 tue
1132 495 1245 575 virtus,

264 603 481 689 ExpugnebiS,
505 612 538 672 et
560 611 610 673 est
631 607 686 689 qui
707 608 792 673 vinci
814 607 926 687 possit,
950 623 1052 687 eoque
1297 610 1337 664 55

265 717 409 786 Difficilis
432 708 537 783 editus'
558 719 678 799 primos
700 718 807 784 habet.
851 718 946 783 Haud
969 717 1047 782 mihi
1069 717 1183 796 deer0;

263 830 451 896 Muneribus
474 846 584 895 servos
608 847 827 910 corrumpam
850 847 923 908 non,
945 829 1039 894 hodie
1062 829 1090 893 si

265 940 424 1005 Exclusus
446 937 549 1018 luero,
572 940 740 1019 desistem;
764 943 911 1021 ternpore
932 956 1102 1019 quaeram

265 1050 438 1116 Occurram
462 1050 495 1115 in
517 1050 631 1131 triviis,
654 1050 824 1115 deducam:
847 1050 891 1114 nil
913 1049 981 1114 sine
1004 1069 1120 1132 magno

264 1163 340 1227 Vita
361 1161 470 1227 labore
493 1161 583 1226 dedit
604 1161 803 1227 mortalibus.
845 1161 933 1226 Haec
955 1162 1030 1225 dum
1054 1161 1131 1244 agit,
1155 1180 1239 1242 ecce,
1298 1166 1338 1222 60

267 1273 390 1338 Fuscus
412 1271 553 1336 Aristius
576 1272 725 1351 occurrit,
748 1270 825 1336 mihi
848 1289 942 1336 cerus
968 1275 1002 1335 et
1023 1272 1113 1336 illum

267 1382 328 1460 Qui
349 1382 483 1465 pulchre
506 1387 624 1449 nosset.
669 1381 889 1447 Consistimus.
933 1381 1026 1447 Vnde
1047 1383 1137 1450 venis
1160 1389 1193 1450 et

268 1494 338 1572 Quo
360 1494 488 1560 tendis?
510 1498 605 1576 roget
627 1497 661 1559 et
681 1492 864 1575 respondet.
908 1491 1036 1558 Vellere
1058 1495 1150 1576 coepi

203 1693 260 1760 ciis,
279 1708 373 1760 quare.
410 1689 499 1747 Schol.
519 1690 597 1760 Cruq.
617 1691 667 1746 hoc
685 1690 800 1746 diceudo
820 1693 902 1746 mutto
920 1705 962 1743 rte
978 1691 1068 1760 mepte
1086 1693 1223 1763 accendis,
1243 1700 1275 1748 ut
1292 1710 1338 1750 10·

199 1781 279 1850 pium
303 1782 329 1834 ei
349 1780 501 1847 familiaris
525 1795 587 1835 esee.
623 1778 656 1831 In
674 1780 746 1834 allen
764 1779 873 1849 Hellen,
899 1778 941 1832 die
960 1795 1022 1832 mun
1040 1779 1164 1851 unidhrt,
1189 1799 1339 1851 11000011

203 1868 247 1922 ihr
265 1874 296 1923 ut
313 1869 411 1923 stehen
431 1867 495 1935 soll,
519 1866 606 1921 heisst
632 1882 661 1921 es
681 1867 750 1922 doch
768 1868 940 1923 uodureh
976 1867 1043 1921 Hier
1061 1868 1122 1922 sind
1140 1869 1207 1924 zuei
1224 1869 1339 1926 Verbin-

204 1955 312 2024 dungen
329 1954 357 2008 in
376 1953 505 2009 einander
523 1954 667 2023 gemischt,
687 1955 811 2010 accendis
829 1973 877 2023 ure,
896 1962 929 2009 ut
944 1957 1063 2025 cupium,
1082 1956 1138 2011 und
1159 1973 1258 2012 100101
1272 1961 1340 2027 plus

204 2045 299 2113 offers,
324 2059 373 2097 cur
397 2045 513 2113 cupiam.
554 2044 627 2109 [Am
651 2042 833 2098 einfechsteu:
858 2043 983 2098 accendis
1004 2061 1058 2112 rue,
1081 2045 1215 2100 uenando
1240 2061 1339 2101 census

205 2150 290 2204 quare
307 2140 354 2188 etc.
373 2132 432 2201 Vgl.
453 2149 488 2186 zu
510 2136 531 2200 1,
551 2135 576 2200 l,
597 2132 677 2196 1111]
696 2164 730 2174 -
747 2149 771 2185 v.
789 2136 830 2188 54.
855 2134 927 2188 Velie
944 2132 962 2187 f.
981 2133 1008 2186 si
1024 2135 1095 2188 uelis.
1117 2132 1143 2186 S.
1163 2150 1199 2187 zu
1219 2136 1338 2201 1,1,45.

205 2256 240 2266 -
252 2239 321 2291 quoe
337 2226 385 2274 tua
402 2222 491 2274 uirtus
509 2219 526 2274 f.
547 2235 614 2272 uum
632 2236 663 2273 10
681 2225 729 2273 tua
747 2225 787 2274 eet
802 2223 892 2276 oirtue
910 2221 953 2276 od.
969 2238 1024 2290 pro
1043 2223 1142 2276 uirtute
1159 2227 1215 2276 uo.
1236 2220 1263 2275 S.
1281 2221 1343 2277 hier

204 2310 298 2366 Lumb.
317 2341 351 2351 -
368 2326 393 2363 v.
412 2313 453 2364 57.
472 2323 574 2376 seruos,
594 2307 637 2362 die
655 2309 786 2364 iuuitores
802 2310 859 2364 und
877 2311 1066 2365 cubicularios.
1079 2343 1114 2352 -
1132 2327 1156 2363 v.
1177 2313 1218 2365 58.
1236 2311 1340 2366 Euctu-

204 2414 266 2464 sus,
296 2413 353 2452 nou
375 2397 526 2474 admissus,
559 2394 759 2457 ἀποκλεισθείς.
784 2431 818 2439 -
842 2404 980 2468 tempora,
1011 2397 1176 2467 giinstige
1201 2399 1339 2467 Augen·

206 2485 322 2541 blicke.
339 2517 373 2527 -
391 2502 415 2538 v.
435 2486 477 2539 59.
495 2485 527 2538 iu
545 2485 648 2551 triviis,
673 2501 714 2539 uo
737 2502 799 2540 men
822 2502 916 2556 uegen
940 2486 988 2540 des
1006 2502 1042 2540 un
1061 2486 1113 2559 deu
1132 2485 1337 2554 Scheideuegeu

207 2572 409 2644 gewdhnlichffl
430 2571 587 2642 Gedrtngeu
614 2571 689 2627 nicht
714 2588 744 2628 so
768 2573 850 2630 leicht
873 2575 1043 2630 eusweichen
1065 2574 1177 2629 konnte.
1197 2607 1232 2618 -
1253 2590 1277 2628 1.
1295 2574 1337 2627 60.

211 2664 276 2718 Vita
301 2659 387 2726 dedit,
415 2663 433 2715 i.
459 2677 491 2714 eo
513 2666 553 2715 est
573 2660 646 2715 uitae
666 2661 804 2717 humanae
826 2663 963 2730 conditio,
989 2669 1022 2717 ut
1041 2662 1115 2717 nihil
1136 2704 1168 2716 ..
1193 2664 1341 2732 continuat.

209 2750 286 2804 Nech
304 2749 457 2805 Archiloch.
477 2745 564 2803 πάντα
582 2745 665 2810 πόνος
681 2747 768 2820 τεύχει
783 2757 894 2819 θνητοῖς
911 2753 1008 2822 μελέτη
1027 2768 1055 2804 τε
1072 2755 1189 2823 βροτείη,
1207 2750 1264 2805 und
1282 2750 1343 2804 dem

207 2837 334 2906 hdutigeu
354 2836 462 2905 χαλεπὰ
486 2834 518 2891 τὰ
542 2835 611 2892 καλὰ
617 2880 625 2908 ,
649 2837 708 2892 eine
725 2837 770 2893 bei
787 2827 920 2892 Griecheu
938 2838 994 2893 und
1011 2837 1130 2893 R'dmern
1148 2838 1188 2893 oft
1207 2838 1264 2893 und
1281 2838 1345 2892 viel·

208 2925 270 2980 lach
295 2927 494 2994 ausgedru'lckte
513 2925 623 2982 Gnonre.
663 2926 689 2981 S.
711 2927 771 2981 hier
794 2927 886 2980 Lumb.
910 2927 966 2980 und
990 2925 1133 2981 Ruhnken.
1158 2945 1194 2980 zu
1216 2927 1343 2996 Xenoph

207 3014 287 3068 Mem.
308 3013 435 3085 80012,
458 3021 486 3085 1,
505 3020 546 3070 20.
584 3016 640 3070 Der
662 3013 791 3069 Gedenke
814 3013 879 3083 hegt
904 3015 988 3069 sehon
1012 3013 1040 3067 in
1063 3014 1124 3069 dem
1146 3014 1343 3070 Homerischen

208 3101 312 3174 ὀϊζυροὶ
328 3107 421 3173 βροτοὶ
439 3104 640 3174 imGegensetz
660 3119 746 3173 313111
765 3102 808 3157 die
826 3104 888 3155 θεοὶ
906 3102 965 3174 ῥεῖα
985 3097 1104 3165 ζώοντες.
1123 3135 1157 3144 -
1183 3119 1207 3156 v.
1222 3104 1264 3157 61.
1283 3104 1343 3159 Itiu-

206 3205 270 3244 scus
281 3191 414 3260 Aristius,
434 3193 566 3261 derselhe,
585 3208 620 3246 en
639 3192 691 3246 den
704 3189 753 3244 Od.
775 3196 798 3259 1,
818 3194 852 3244 22
870 3191 1004 3260 gerichtet
1022 3190 1067 3259 ist,
1085 3189 1143 3245 und
1154 3189 1236 3259 Epist
1258 3194 1280 3260 1,
1301 3195 1344 3260 10,

207 3295 248 3333 wo
267 3277 314 3332 ihu
332 3280 394 3334 Acr.
415 3279 494 3335 einen
514 3282 674 3349 scriptorem
692 3278 911 3349 trupoedioruru,
935 3278 1034 3348 Porph.
1057 3280 1218 3348 scriptorem
1240 3295 1343 3334 romor-

208 3367 333 3436 dierum,
361 3367 449 3423 Schol.
468 3366 547 3436 Cruq.
568 3368 784 3423 Grammatirum
802 3371 920 3434 uenneri,
939 3366 990 3421 uie
1006 3367 1066 3420 hier
1084 3367 1146 3420 Aer.
1166 3367 1267 3436 Porph.
1286 3367 1345 3423 und

209 3455 296 3510 Schol.
317 3453 411 3524 erun,
435 3457 560 3511 Aristius
578 3457 689 3510 Fuscus
706 3457 964 3524 praestantissimus
982 3456 1187 3511 Grammaticus
1208 3456 1256 3510 ello
1279 3454 1344 3510 teut-

205 3540 274 3612 pore
297 3550 323 3598 et
346 3545 450 3599 amicus
467 3545 586 3599 Horatii
605 3544 668 3611 fuit.
706 3543 772 3597 Also
791 3543 915 3613 zugleich
933 3543 1130 3598 Grammatiker
1148 3544 1205 3598 und
1221 3543 1345 3614 Dichter,

209 3631 259 3686 uie
277 3630 401 3687 Valerius
422 3631 497 3688 Ceto.
533 3632 566 3686 In
590 3632 706 3686 welcher
729 3631 905 3687 Hendschriit
931 3630 1050 3688 Suetons
1074 3633 1145 3686 uohl
1168 3633 1272 3688 Bsxter
1294 3633 1345 3688 des

207 3719 301 3773 Leben
320 3718 409 3775 dieses
423 3720 543 3776 Aristius
558 3719 819 3790 Fuscusgefunden
836 3721 935 3777 hatte?
955 3755 988 3764 -
1007 3737 1030 3774 u.
1051 3722 1091 3773 62.
1107 3722 1238 3789 pulchre·
1249 3721 1341 3776 Plane

209 3807 236 3860 in
255 3807 307 3876 Ep.
321 3806 374 3862 Cic.
394 3812 435 3878 10,
454 3813 488 3864 23
506 3809 644 3879 Lepidum
657 3810 773 3878 pulchre
791 3825 896 3864 uoraro.
918 3807 955 3863 So
971 3809 1088 3878 proiciere
1105 3810 1212 3878 callere,
1227 3810 1346 3878 pulchre

209 3897 365 3965 inteliipere.
394 3897 519 3967 Xenoph.
539 3898 643 3952 Hellen.
663 3901 689 3966 3,
708 3901 733 3966 3,
753 3901 769 3951 2
788 3893 857 3951 11071)
875 3893 989 3952 κάλλιον
1007 3898 1110 3967 εἰδυῖα,
1128 3897 1185 3952 und
1204 3913 1235 3952 so
1253 3897 1348 3968 hdufig

208 3986 298 4045 καλῶς
322 3985 439 4053 εἰδέναι,
464 3985 514 4040 wie
538 3988 628 4045 κακῶς
652 3986 755 4040 εἰδέναι
772 3985 857 4042 Isocr.
876 3987 990 4041 Peneth.
1009 4004 1036 4055 p.
1055 3986 1155 4042 28813.
1176 3985 1271 4055 Steph.
1291 3984 1350 4040 und

209 4071 256 4127 oft.
276 4105 310 4114 —
340 4072 415 4128 Unde
438 4075 514 4127 certis
537 4079 562 4128 et
580 4090 633 4142 quo
651 4073 722 4130 trud.
760 4074 849 4130 Schol.
870 4072 948 4144 Cruq.
972 4076 1124 4144 Eiepauter
1142 4075 1257 4129 mistum
1275 4075 1349 4129 enter

210 4176 238 4214 ee
256 4166 281 4214 et
299 4162 444 4228 confusum
461 4177 611 4216 eerruouem
630 4163 827 4232 iuterropoudi
842 4163 1079 4232 responderitque
1096 4164 1237 4231 expressit.
1273 4161 1349 4218 Unde

210 4254 236 4304 et
255 4265 323 4318 pue,
350 4249 393 4305 die
415 4249 598 4320 geudhnliche
617 4249 726 4306 Fomel
748 4250 792 4304 bei
810 4250 871 4306 dem
889 4249 1152 4308 Zusemmentreffen
1169 4258 1349 4320 unterueges.
