2864 4756
150 316 211 378 242
556 318 668 392 3311,
690 329 711 378 1.
732 341 755 378 v.
778 324 888 379 13-15.

216 497 392 579 Deficiunt,
415 514 518 577 neque
542 496 624 560 enim
648 496 751 577 quivis
773 494 940 569 horrentia
961 493 1036 576 pilis

222 609 367 691 Agmina,
391 627 450 674 neo
472 606 575 673 fracta
592 607 758 688 pereuntis
780 606 910 687 cuspide
933 603 1054 685 Gallos,

217 719 283 784 Aut
303 720 442 785 labentis
465 735 547 799 equo
571 718 724 784 describit
746 717 878 783 volnera
899 715 1020 781 Parthi.
1252 723 1288 777 15

154 897 733 969 13111111133113131,131311131Ρ31331311.
770 896 830 966 Vgl.
849 896 939 965 Epist.
962 900 991 966 1,
1010 900 1039 965 7,
1059 899 1101 950 37.
1139 893 1196 950 Sat.
1219 900 1242 964 1,
1266 898 1292 963 3,

155 990 212 1042 126.
240 988 329 1044 Plaut.
348 986 419 1041 Rud.
441 991 464 1055 1,
484 989 564 1058 2,15,
584 985 635 1041 nie
650 984 695 1039 bei
707 984 784 1040 Hom.
799 983 848 1039 Od.
861 985 895 1039 H.
910 989 944 1039 28
962 985 1018 1039 und
1037 983 1085 1053 oft,
1104 986 1176 1044 ξεῖνε
1195 980 1289 1056 πάτερ,

154 1070 220 1130 ἄττα
246 1079 343 1149 γεραιέ
362 1076 393 1130 Il.
419 1075 440 1129 I.
468 1077 531 1143 607,
559 1074 615 1128 und
639 1073 679 1128 oft
703 1068 778 1127 ύπα.
818 1075 959 1128 Ρ3133131
979 1090 1032 1128 von
1057 1071 1188 1141 gleichem
1212 1071 1292 1124 Alter

155 1172 256 1220 nannte
274 1181 336 1218 man
354 1161 514 1217 lieblrosend
529 1162 626 1229 frater.
658 1160 815 1228 Quintilian.
835 1162 952 1217 Declum.
967 1165 1017 1216 321
1040 1160 1150 1230 Quoties
1169 1158 1293 1214 blandiri

155 1255 279 1308 autumus
296 1253 340 1306 113
359 1253 407 1320 qui
424 1267 480 1304 3333
498 1252 582 1304 amici
598 1250 736 1317 uideatur,
756 1252 835 1306 uuita
853 1251 979 1307 adulatio
992 1249 1141 1319 procedere
1153 1249 1229 1302 ultra
1241 1247 1292 1301 133

156 1357 253 1394 uomeu
275 1346 367 1407 potest
392 1356 475 1409 quam
502 1344 534 1393 ut
552 1340 656 1406 fratrea
677 1354 807 1393 uocemue.
848 1339 908 1409 Vgl.
933 1339 998 1393 Hor.
1023 1336 1113 1407 Epist.
1142 1341 1170 1405 1,
1196 1337 1225 1403 6,
1252 1337 1293 1389 54.

158 1428 241 1482 Dicae
264 1427 481 1498 Aufforderung,
512 1427 554 1482 die
577 1425 760 1482 Grossthaten
786 1427 833 1482 des
858 1429 1001 1498 Augustus
1025 1445 1060 1482 au
1083 1423 1226 1494 besingen,
1244 1424 1294 1478 131

158 1517 229 1571 auch
247 1516 389 1585 spiterhin
406 1533 489 1571 unser
507 1515 620 1593 Dichter
644 1515 693 1569 mit
717 1515 860 1570 derselben
882 1515 1122 1583 Entschuldigung
1147 1512 1292 1582 ehgelehnt
1344 1544 1347 1552 ‹

160 1604 208 1659 Od.
230 1610 252 1674 1,
273 1607 297 1671 6,
317 1607 333 1657 9
352 1622 409 1674 sqq.
447 1610 472 1673 2,
493 1609 534 1673 12,
554 1606 570 1657 9
593 1620 650 1671 sqq.
687 1606 713 1672 4,
732 1607 756 1672 2,
776 1607 811 1658 27
830 1620 887 1672 sqq.
906 1638 940 1646 —
959 1622 983 1658 v.
997 1607 1045 1658 13.
1065 1603 1208 1658 horrentia
1221 1601 1295 1669 pitis

159 1710 229 1763 aym.
266 1693 340 1762 Virg.
361 1695 428 1747 Aen.
449 1696 477 1760 2,
498 1694 547 1745 601
568 1693 620 1746 1313
635 1693 743 1760 ferreus
761 1692 849 1748 133113
873 1694 978 1747 Horret
1001 1693 1049 1762 (es
1070 1687 1195 1758 atarrt)
1220 1704 1294 1758 aper.

161 1817 195 1824 -
222 1783 331 1850 Pilum,
356 1780 399 1834 die
419 1780 472 1834 den
493 1778 612 1833 Rdmern
631 1781 858 1849 cigenthltmliche
877 1779 978 1850 Waffe,
998 1781 1067 1834 nach
1085 1780 1181 1849 Veget.
1202 1778 1235 1832 de
1253 1777 1295 1831 Re

161 1871 240 1925 Milit.
261 1876 285 1940 2,
306 1873 348 1939 15,
368 1867 420 1938 57,
439 1868 510 1922 Fusa
530 1868 605 1936 lang,
624 1868 672 1922 mit
692 1869 778 1923 ciuem
797 1869 968 1938 dreieckigen
987 1869 1072 1923 Eisen
1089 1884 1143 1922 von
1167 1867 1200 1936 ⁸),
1222 1866 1296 1920 Fuss

161 1960 261 2028 Lange.
299 1957 441 2028 Polybius,
466 1956 515 2010 der
532 1956 548 2009 l.
570 1958 594 2009 6.
614 1974 640 2026 p.
660 1960 719 2011 469.
740 1957 767 2012 6.
788 1958 829 2013 cd.
855 1958 969 2014 Oasaub.
995 1957 1043 2012 das
1062 1959 1152 2026 pilum
1177 1969 1297 2024 genauer

161 2046 331 2114 beschreibt,
351 2053 426 2115 sagt,
447 2045 490 2099 die
510 2044 606 2098 dicken
625 2045 728 2099 sowohl
747 2047 786 2102 als
808 2047 850 2102 die
872 2048 994 2100 dttnnern
1011 2047 1074 2113 pita
1096 2046 1194 2099 hatten
1218 2042 1297 2097 einen

163 2135 220 2189 drei
237 2134 318 2187 Ellen
337 2130 450 2204 (πήχεις)
471 2133 569 2202 langen
589 2131 696 2201 Schaft;
724 2150 759 2188 an
782 2135 833 2190 3113
857 2135 897 2190 331
921 2135 964 2189 ein
988 2135 1048 2189 dem
1074 2131 1185 2188 Schafte
1209 2130 1297 2201 gleich
1361 2164 1363 2167 -

162 2224 255 2292 langes
282 2214 499 2290 hakenftirmigeit
523 2221 608 2275 Eisen
631 2221 774 2292 befestigt,
802 2212 838 2278 ού
860 2223 908 2292 τὴν
930 2224 1039 2279 ἔνθεσιν
1059 2225 1106 2277 καὶ
1130 2219 1178 2288 τὴν
1197 2223 1298 2291 χρείαν

164 2309 250 2369 ούτως
262 2309 457 2379 ἀσφαλίζονται
468 2310 586 2379 βεβαίως
603 2307 653 2369 ἕως
670 2314 765 2380 μέσων
783 2317 837 2366 τῶν
854 2309 942 2375 ξύλων
960 2312 1100 2370 ἐνδέοντες
1117 2310 1165 2362 καὶ
1182 2310 1298 2364 πυκναῖς

126 2420 129 2426 ·
164 2404 222 2457 ταῖς
244 2401 334 2465 latior
356 2401 612 2470 κατααερονοῑντες,
640 2395 709 2454 ὥστε
740 2397 780 2470 μὴ
809 2397 944 2475 πρότερον
974 2397 1026 2455 eir
1054 2397 1159 2469 δεσμὸν
1185 2395 1217 2450 έν
1240 2399 1298 2450 ταῖς

162 2487 269 2559 χρείαις
287 2485 514 2554 ἀναχαλασθῆναι
533 2481 553 2553 ἢ
570 2487 618 2540 τὸν
637 2488 752 2560 σίδηρον
768 2486 939 2560 θραύεσθαι,
957 2487 1058 2562 καίπερ
1077 2479 1144 2539 ύνυα
1162 2481 1193 2538 τὸ
1211 2477 1298 2550 πύχοε

166 2575 197 2627 ἐν
214 2575 252 2641 τῷ
270 2576 392 2645 πυθμένι
410 2576 457 2626 καὶ
474 2577 506 2646 τῇ
529 2573 598 2646 πρὸς
619 2573 650 2628 τὸ
672 2571 752 2636 ξύλον
775 2579 890 2646 συναφῇ
912 2578 995 2648 τριῶν
1017 2572 1232 2645 ἡμιδακτυλίων·
1251 2569 1298 2622 tut

166 2662 298 2713 τοσοῦτον
326 2663 373 2714 καὶ
402 2657 537 2730 τοσαύτην
565 2659 700 2734 πρόνοιαν
729 2669 873 2718 ποιοῦνται
892 2667 940 2732 τῆς
962 2665 1102 2724 ἐνθέσεως.
1138 2662 1206 2716 Ε131
1230 2658 1299 2714 nach

167 2747 257 2801 dieser
274 2747 478 2819 Beschreibung
495 2752 619 2806 versteht
637 2767 699 2806 man
718 2752 766 2808 das
786 2752 925 2822 Folgeude
943 2770 966 2806 v.
989 2755 1021 2805 14
1040 2753 1135 2820 fracta
1153 2753 1299 2819 pereuntes

168 2836 278 2903 cuspide
288 2838 383 2892 Gallos
395 2854 444 2892 aus
459 2840 519 2893 dem
533 2839 621 2895 Schol.
635 2840 714 2908 Oruq.
733 2841 782 2895 Ere
800 2842 917 2894 historia
936 2840 968 2894 de
981 2841 1076 2895 Mario
1093 2840 1144 2894 hoe
1161 2842 1298 2906 sumptum

167 2931 221 2994 331,Ι
239 2942 304 2979 uam
324 2927 435 2980 Marius
453 2928 586 2983 aduersus
602 2929 741 2983 Santonas
759 2929 827 2984 tatia
845 2931 898 2994 113
917 2935 1080 2984 commeatus
1098 2933 1144 2995 331,
1163 2933 1196 2980 31
1209 2927 1302 2994 fracta

167 3015 346 3082 mitteremur,
364 3031 398 3068 ue
415 3018 518 3070 remitti
534 3018 570 3070 31
587 3018 710 3072 hostibus
727 3023 853 3085 possent,-
872 3017 1023 3071 deutlicher
1039 3015 1176 3071 Plutarch.
1195 3013 1232 3068 im
1243 3014 1301 3068 Ma

167 3102 224 3157 rius
243 3121 269 3171 p.
288 3104 346 3155 419.
366 3103 398 3157 D.
417 3108 524 3175 λέγεται
542 3107 580 3164 eir
598 3106 705 3174 durium
722 3103 772 3172 τὴν
788 3102 879 3177 μάχην
898 3106 994 3176 (gegen
1013 3105 1056 3160 die
1070 3101 1203 3170 Cimbern)
1222 3103 1302 3176 πρῶ-

167 3209 215 3245 τον
237 3188 291 3245 ὑπὸ
314 3193 433 3262 Μαρίου
454 3199 692 3262 καινοτομηθῆναι
714 3190 743 3246 τὸ
766 3197 830 3269 περὶ
851 3193 914 3255 τούς
936 3190 1038 3255 ὑσσούς
1061 3193 1152 3262 (11113).
1191 3189 1230 3245 Τὸ
1248 3187 1302 3262 χύρ

167 3284 206 3339 εἰς
223 3279 271 3334 τὸν
289 3281 403 3354 σίδηρον
420 3281 546 3353 ἔμβλημα
564 3285 613 3334 τοῦ
631 3277 711 3342 ξύλου
730 3277 863 3356 πρότερον
880 3283 932 3352 μὲν
950 3276 984 3350 ἣν
1003 3283 1067 3336 duat
1084 3277 1212 3354 περόναις
1231 3297 1300 3332 κατ-

169 3371 338 3439 ειλημμένον
364 3369 501 3440 σιδηραῖς·
526 3366 586 3423 τότε
604 3366 670 3423 ddi
696 3364 808 3443 Μάριος
831 3368 881 3438 τὴν
903 3371 968 3440 μὲν,
992 3367 1084 3442 ὥσπερ
1107 3368 1193 3439 εἶχεν,
1219 3369 1301 3435 εἴασε,

168 3454 216 3522 τὴν
242 3456 272 3509 dt
299 3456 395 3529 ἑτέραν
422 3455 520 3517 ἐξελὼν
549 3452 660 3518 ξύλινον
685 3445 752 3525 ἧλον
780 3453 953 3530 εύθραυστον
982 3456 1037 3512 ἀντ’
1074 3457 1157 3524 αὐτῆς
1183 3455 1302 3524 ἐνέβαλε,

116 3555 120 3561 ·
169 3543 303 3612 τεχνάζων
331 3539 525 3616 προσπεσόντα
551 3543 599 3600 τὸν
625 3542 712 3607 ύσσύν
740 3548 778 3615 τῷ
802 3550 897 3616 θυρεῷ
921 3549 969 3600 τοῦ
990 3546 1124 3616 πολεμίου
1146 3541 1184 3617 μὴ
1205 3546 1303 3615 μένοιν

168 3627 274 3699 ὀρθὸν,
302 3628 369 3685 ἀλλὰ
398 3633 448 3684 τοῦ
470 3635 580 3692 ξυλίνου
601 3635 766 3694 κλασθέντος
789 3632 857 3702 ἥλου
878 3630 993 3703 καμπὴν
1014 3635 1145 3702 γίνεσθαι
1170 3633 1233 3705 περὶ
1255 3627 1304 3684 τὸν

170 3719 284 3789 σίδηρον
312 3721 360 3772 καὶ
389 3720 574 3792 παρέλκεσθαι
605 3720 634 3776 τὸ
665 3718 736 3796 δόρυ
766 3720 815 3776 διὰ
846 3720 896 3792 τὴν
925 3717 1102 3794 στροβλύτητα
1129 3721 1176 3787 τῆς
1204 3719 1305 3789 αἰχμῆς

168 3802 339 3877 ἐνεχόμενον.
384 3807 499 3873 [Vielm.
530 3809 573 3864 die
601 3811 671 3865 nach
700 3810 937 3880 Versttimmelung
964 3810 1038 3864 ihres
1067 3809 1147 3879 paesi
1179 3806 1304 3862 verloren

170 3892 243 3962 sind3
271 3894 432 3950 Funlrh'inel
455 3897 483 3949 in
504 3899 623 3953 Mtitzels
646 3899 993 3964 Ζ13311.18503.177.]
1017 3931 1051 3941 -
1076 3914 1101 3951 v.
1123 3899 1163 3950 15.
1190 3894 1306 3950 13133113

169 3997 236 4049 equo
260 4021 266 4035 .
290 4023 295 4035 .
318 3985 427 4039 Parthi.
464 3986 514 4041 Die
539 3988 656 4041 Parther
673 4003 765 4043 waren
787 3988 839 4043 den
857 3987 976 4042 Romern
996 3986 1081 4041 durch
1102 3986 1162 4041 ihre
1183 3982 1306 4040 Reiterei

171 4068 322 4140 furchtbar,
354 4073 503 4129 besonders
534 4074 595 4129 weil
627 4074 702 4130 diese
732 4074 781 4130 auf
809 4076 964 4132 verstellter
995 4076 1095 4130 Flucht
1128 4074 1186 4130 sich
1217 4074 1306 4144 pldtz·

170 4157 223 4212 1131
245 4159 294 4213 mit
317 4159 379 4214 dem
401 4161 495 4230 Bogen
516 4178 602 4232 gegen
626 4163 669 4216 die
693 4163 880 4233 unvorsichtig
902 4162 1105 4233 Verfolgenden
1127 4162 1305 4219 umwendete.

171 4247 478 4316 7110112313.
519 4255 546 4319 1,
568 4253 610 4319 19,
638 4257 677 4305 ll.
719 4256 747 4322 2,
775 4256 821 4322 13,
850 4256 888 4306 17.
932 4256 957 4321 3,
982 4256 1013 4322 2,
1040 4255 1064 4307 3.
1106 4252 1181 4323 Virg.
1209 4249 1306 4319 Georg-
