2864 4756
595 313 652 377 Sat.
672 316 694 390 I,
713 320 737 375 2.
757 337 781 376 r.
802 318 912 376 19—25.

249 490 314 557 Pro
337 498 473 572 quaestu
495 497 633 559 sumtum
657 491 754 558 facit?
787 492 870 558 Hic?
902 493 955 558 vix
977 493 1109 558 credere
1132 491 1236 574 possis

251 603 351 681 Quam
375 603 435 668 sibi
457 623 520 668 non
543 605 586 668 sit
606 603 741 683 amicus;
761 603 808 669 ita
830 608 868 669 ut
888 608 982 685 pater
1003 602 1067 682 ille,
1090 602 1223 669 Terenti
1279 608 1318 664 to
1358 608 1360 613 '

248 713 371 779 Fabula
393 732 488 795 quem
510 714 661 779 miserum
684 720 782 796 gnato
805 714 921 780 vixisse
945 713 1057 796 fugato

247 823 381 906 inducit,
405 843 468 890 n0n
491 844 526 890 se
547 826 639 907 peius
663 826 854 891 cruciaverit
876 830 973 906 atque
995 825 1055 891 hic.

247 934 281 1000 Si
304 936 374 1016 quis
397 955 481 1002 nunc
503 941 651 1018 quaerat:
676 934 746 1013 Quo
770 954 822 1001 res
844 935 924 1002 haec
945 937 1109 1016 pertinet?
1153 936 1248 1004 Illuc:

248 1048 332 1114 Dum
355 1048 459 1112 vitant
478 1048 568 1112 stulti
590 1047 678 1128 vitia,
700 1046 733 1112 in
757 1046 918 1113 contraria
940 1053 1083 1115 currunt.
1247 1031 1250 1036 ’

247 1153 410 1223 Maltinus
424 1159 540 1224 tunicis
563 1159 710 1224 demissis
733 1156 888 1239 ambulat3
912 1164 963 1225 est
985 1159 1040 1240 qni
1231 1172 1234 1177 ·
1277 1167 1317 1223 25

185 1341 233 1395 des
253 1342 403 1396 nbmlichen
421 1344 587 1395 enclamans.
625 1340 715 1396 Allein
733 1342 777 1395 bic
795 1341 832 1396 ist
851 1342 894 1396 ein
913 1341 991 1396 Theil
1014 1358 1067 1396 vau
1089 1342 1230 1399 Hennaeus
1252 1344 1320 1399 Ant-

184 1436 265 1483 wnrt:
285 1430 330 1482 Fr.
352 1431 442 1497 „Aber
461 1429 505 1483 die
524 1429 601 1498 aigne
619 1430 724 1484 Person
741 1429 826 1499 pflegt
847 1446 877 1483 er
895 1431 965 1485 doch
977 1431 1047 1485 wohl
1061 1418 1320 1501 standesgemassi“

183 1519 215 1571 A.
237 1517 352 1586 „Dieser
370 1517 504 1585 Fufidius,
524 1518 623 1572 maiust
641 1517 698 1572 du?
717 1517 752 1572 da
769 1519 870 1574 kennst
889 1519 926 1574 du
944 1519 990 1573 ihn
1009 1519 1159 1574 schlechti“
1187 1521 1237 1576 Als
1252 1520 1319 1577 Sub

180 1607 238 1675 ject
258 1608 407 1673 transmit,
427 1607 477 1662 wie
496 1606 524 1661 in
543 1606 596 1660 deu
613 1607 768 1676 Ausgaben,
787 1613 859 1661 ware
878 1607 922 1660 bic
937 1605 1072 1677 mdssig.l
1093 1642 1127 1652 -
1145 1626 1169 1662 v.
1184 1613 1225 1663 20.
1236 1615 1320 1678 pater

182 1695 240 1760 iiie,
269 1695 386 1748 Terenti.
423 1695 613 1764 Menedemus,
641 1695 668 1749 in
694 1696 755 1750 dem
782 1696 853 1750 nach
874 1696 929 1750 ihm
955 1696 1111 1751 benannten
1140 1697 1242 1753 stnckc
1269 1698 1318 1754 des

185 1786 306 1852 Terenz,
329 1783 391 1836 dem
409 1783 739 1840 Heautontimorumenos.
759 1818 793 1827 —
812 1802 836 1839 v.
860 1789 901 1839 21.
923 1785 1135 1855 puato-fugate.
1177 1786 1217 1839 Er
1240 1786 1319 1842 hatte

184 1875 278 1930 seiueu
302 1871 377 1926 Sohn
400 1870 498 1927 Cliniae
521 1873 607 1927 durch
630 1873 818 1942 unabiissiges
842 1872 970 1929 Schulten
991 1876 1058 1928 dber
1079 1873 1139 1928 eine
1160 1873 1319 1929 Liebschait

184 1963 265 2019 dahin
284 1963 423 2032 gebracht,
444 1960 507 2015 dass
527 1960 617 2015 dieser
627 1961 697 2015 nach
709 1961 795 2017 Asien
806 1962 835 2015 in
848 1961 1053 2032 Kriegsdienste
1066 1964 1138 2034 ging,
1151 1963 1208 2018 und
1221 1963 1319 2018 suchte

184 2053 241 2107 dies
262 2051 347 2106 durch
367 2050 412 2103 ein
429 2050 602 2118 mbhevolles,
622 2049 929 2120 allerBequemlichkeit
949 2051 1147 2106 entbehrendes
1161 2051 1256 2104 Leben
1273 2050 1319 2104 ab·

183 2143 327 2198 znbbssen.
347 2174 381 2184 -
399 2137 555 2205 etruscin
573 2139 660 2192 Prosa
678 2138 814 2192 nmmum.
854 2138 973 2208 [Vielm.
986 2155 1039 2194 ron
1051 2139 1165 2207 inducit,
1180 2146 1317 2208 pregnant

181 2233 225 2287 ittr
241 2233 271 2285 in
289 2245 400 2284 scenam
416 2225 570 2282 inducendo
586 2227 678 2296 tingit,
697 2225 861 2296 abhbngig.l
881 2260 915 2269 -
932 2244 956 2281 v.
976 2230 1022 2282 23:
1037 2244 1091 2297 pua
1109 2242 1153 2280 res
1172 2228 1239 2281 baec
1255 2242 1319 2295 per·

182 2322 255 2374 tinet.
292 2319 376 2373 Wohl
400 2317 481 2370 keine
500 2314 601 2368 directe
626 2315 715 2383 Frage
732 2314 799 2369 hier.
836 2316 960 2369 Pertinet
981 2314 1025 2370 fur
1042 2317 1196 2384 pertineat,
1225 2314 1269 2368 ein
1291 2314 1320 2368 in

183 2409 284 2463 diesem
302 2406 364 2460 Fall
381 2405 458 2459 nicht
476 2402 712 2472 ungewbhniicher
728 2402 862 2457 Indicetiv
880 2410 950 2458 statt
970 2403 1018 2458 des
1034 2403 1238 2458 herrschenden
1251 2402 1319 2458 Gon·

181 2496 294 2566 J'unctiv.
333 2494 360 2547 S.
379 2493 522 2548 Ruhnken.
542 2508 577 2545 zu
596 2489 679 2544 Rutil.
700 2490 770 2559 Lup.
790 2509 816 2561 p.
837 2494 878 2546 98.
912 2489 982 2560 {Ais
997 2491 1129 2547 directe
1142 2493 1232 2561 Frage
1251 2491 1320 2546 wird

184 2585 227 2638 die
248 2582 325 2636 Rede
348 2598 399 2635 nur
420 2577 606 2649 lebendiger.1
629 2611 663 2620 —
687 2596 711 2632 v.
732 2583 772 2634 25.
795 2580 938 2635 Maltinus.
974 2581 1063 2635 Bentl.
1087 2579 1135 2636 hat
1161 2589 1242 2636 unter
1265 2581 1318 2635 den

185 2669 398 2725 verschiedenen
418 2667 608 2722 Schneibarten
631 2667 681 2722 der
703 2666 785 2722 Cndd.
805 2669 967 2724 Maicbinus
994 2669 1111 2738 geuthlt
1133 2669 1173 2724 als
1197 2669 1241 2723 ein
1265 2685 1319 2725 von

185 2761 245 2815 dem
263 2765 328 2825 rbrn.
349 2757 454 2812 Numen
474 2755 603 2810 Mnicbus
621 2755 797 2827 abgeleitetes
816 2773 972 2827 copuomcu.
1008 2759 1073 2827 Meg
1090 2758 1149 2811 bier
1167 2758 1216 2813 der
1232 2759 1319 2815 Nums

185 2847 259 2903 eines
278 2845 380 2901 damals
399 2843 532 2897 lebenden
544 2843 658 2898 Rbrners
672 2852 799 2913 genennt,
814 2846 881 2901 oder
899 2846 1037 2900 Maltinus
1056 2845 1098 2901 ein
1116 2847 1175 2901 b10s
1194 2846 1320 2916 tingirter

184 2938 270 2991 Nema
290 2934 349 2990 sein
369 2948 430 2986 vern
448 2932 522 2987 alten
540 2931 637 2986 Worte
656 2933 742 2988 muita
763 2935 875 3000 (moitis)
897 2932 965 2988 oder
989 2932 1050 2988 dem
1072 2933 1171 3003 griech
1193 2933 1319 3008 pitina,

185 3041 231 3079 um
249 3023 334 3078 demit
353 3020 404 3077 aui
419 3021 479 3074 eine
498 3018 668 3074 schalkhafte
680 3020 732 3074 Art
751 3020 805 3074 den
823 3021 921 3075 Micen
938 3039 974 3076 zu
992 3022 1169 3078 bezeichnen:
1189 3026 1264 3080 wahr
1281 3025 1318 3080 ist

184 3114 281 3184 genias
301 3112 344 3167 die
363 3109 537 3178 Bemerkuug
553 3107 581 3160 in
599 3107 652 3162 den
671 3106 760 3164 Schol.
780 3109 842 3163 Acr.
862 3110 1048 3166 Maecenatem
1066 3113 1169 3182 taupr't,
1193 3113 1249 3168 und
1267 3130 1316 3168 aus

183 3203 272 3259 aliern
299 3199 412 3267 Quellen
439 3196 581 3266 geflasseu.
626 3196 706 3250 Denn
727 3196 771 3251 die
796 3197 883 3253 Schol.
908 3200 1007 3268 Porph.
1031 3200 1087 3254 und
1115 3200 1195 3272 Ornq.
1225 3217 1316 3271 sagen,

183 3289 301 3346 Muttini
330 3288 439 3342 nomme
470 3285 610 3354 puidam
642 3285 837 3355 (wabrscheinl.
865 3289 914 3356 pai
940 3289 972 3342 de
994 3291 1123 3358 personis
1149 3290 1317 3345 Horatianus

182 3376 324 3447 scripsere)
343 3376 531 3429 Maecenatem
547 3374 703 3442 significari
718 3376 902 3443 suspicantur.
939 3378 1000 3454 Yon
1018 3377 1121 3434 diesem
1139 3384 1201 3447 sugt
1220 3375 1328 3441 Sanan,

181 3467 272 3537 Epist.
288 3468 345 3522 114.
362 3461 503 3534 Quonmdo
516 3462 665 3517 Maecenas
681 3464 790 3532 macrii,
808 3466 901 3519 notius
918 3472 958 3522 est
974 3483 1058 3535 guam
1069 3472 1102 3521 ut
1112 3463 1231 3520 namuri
1240 3477 1314 3515 nunc

185 3555 292 3622 debeat,
312 3550 448 3623 quamodo
467 3551 662 3618 ambulaverit,
686 3567 769 3620 guam
790 3553 923 3609 dedicans
941 3555 1040 3623 faerit,
1063 3568 1146 3622 gnam
1168 3550 1316 3619 cupierit

182 3644 303 3709 uideri,
323 3655 406 3710 guam
423 3641 493 3695 uitia
510 3653 563 3692 sua
581 3641 665 3693 tatere
682 3642 807 3696 notuerit.
848 3642 922 3712 Quid
939 3642 1027 3713 erpa?
1063 3642 1130 3695 Nau
1147 3640 1238 3694 oratio
1256 3640 1315 3692 eius

183 3747 267 3800 aeque
284 3731 375 3784 soiuta
393 3735 431 3782 est
449 3744 532 3798 quam
549 3731 608 3798 ipse
625 3729 837 3786 discinctus?
854 3732 911 3787 und
928 3731 992 3787 bald
1005 3727 1114 3785 duent:
1133 3728 1200 3782 Nan
1212 3729 1313 3796 statim,

183 3822 251 3875 haec
269 3834 330 3872 cum
348 3819 457 3887 leperis,
477 3817 528 3871 boc
545 3819 597 3872 nbi
613 3824 748 3887 occurret,
769 3820 842 3874 bunc
860 3836 917 3875 esse
935 3821 984 3888 gui
1000 3816 1125 3872 solatis
1143 3817 1267 3873 tunicis
1284 3819 1315 3871 in

181 3909 250 3963 urbe
269 3921 373 3974 semper
392 3905 555 3961 incesserit?
593 3908 669 3963 Nam
694 3909 777 3961 etiam
801 3924 864 3963 cum
891 3908 1009 3965 mamus
1031 3905 1162 3974 partibus
1189 3905 1316 3961 Caesaris

180 3999 351 4066 fungeretur,
371 3995 481 4063 signum
499 4010 517 4048 a
535 3995 702 4051 discincto
715 3997 869 4064 paciatur.
897 3998 983 4051 Hunc
1000 4008 1056 4049 esse
1067 3996 1117 4062 qui
1128 3997 1159 4049 in
1172 3995 1314 4062 bubunaia',

181 4087 212 4138 in
236 4085 348 4150 rostris,
370 4084 402 4136 in
420 4085 497 4137 amni
513 4084 626 4152 prebiico
649 4089 727 4139 caetu
748 4087 789 4139 sic
813 4085 991 4155 apparuerit,
1014 4089 1047 4137 ut
1066 4084 1155 4154 pallio
1176 4085 1315 4159 celaretur

182 4179 277 4240 caput,
300 4173 572 4241 exclusisutrimque
590 4173 794 4229 auritatae?
829 4175 910 4229 duct.
929 4171 1006 4240 Eleg.
1025 4172 1054 4225 in
1072 4172 1141 4228 Obit.
1164 4174 1251 4229 Maec.
1272 4177 1313 4227 21.
1328 4197 1332 4202 ’

186 4260 266 4331 Quod
285 4260 472 4314 discinctus
490 4277 553 4314 eras
571 4263 665 4316 animo
683 4279 797 4332 quoque,
816 4265 944 4330 carpitur
961 4277 1056 4330 annm,
1079 4262 1209 4317 Diluitur
1226 4262 1315 4316 nimia
