2864 4756
156 316 217 377 336
537 321 595 377 Sat.
614 321 651 392 ss,
670 325 695 377 3.
714 338 738 376 v.
758 323 904 378 nen-291.

216 495 356 560 Auribus
379 499 475 575 atque
498 495 614 575 oculis;
636 500 785 576 mentem,
808 496 871 574 nisi
892 496 1062 584 htigiosus,
1227 500 1293 558 285

214 607 387 687 Exciperet
408 607 563 687 dominus,
587 625 657 672 cum
680 607 844 672 venderet.
888 608 965 672 Hoc.
979 625 1105 687 quoque
1128 609 1249 690 volgus

214 717 413 799 Chrysippus
434 718 525 798 ponit
547 716 683 783 fecunda
703 718 736 782 in
758 723 854 799 gente
877 718 1015 784 Meneni.

214 830 369 911 Iuppiter,
392 829 540 910 ingentes
563 829 617 909 qui
640 829 697 894 dns
720 829 897 910 adimisque
920 830 1056 910 dolores,

214 940 321 1005 Mater
343 941 389 1004 ait
410 941 503 1020 pueri
525 940 643 1004 mensis
666 941 728 1004 iam
752 940 890 1020 quinque
913 940 1068 1020 cubantis

213 1051 345 1133 Frigida
367 1051 393 1116 si
415 1069 552 1131 puerum
575 1056 731 1133 quartana
752 1051 932 1132 reliquerit,
953 1051 1008 1116 illo
1126 1083 1132 1091 ·
1224 1059 1290 1114 290

213 1165 308 1230 Mane
331 1162 392 1242 die,
416 1180 478 1242 quo
501 1167 537 1226 tu
558 1162 670 1227 indicis
692 1161 819 1242 ieiunia,
841 1162 945 1226 nudus

149 1345 286 1414 stdssigen
309 1345 411 1398 Zusatz
438 1343 572 1409 addens]
599 1377 634 1385 -
661 1360 684 1396 r.
709 1346 767 1398 285.
795 1344 853 1396 uisi
875 1344 1025 1412 titipiosus,
1053 1346 1190 1414 exciperet
1214 1346 1288 1403 dom.

150 1434 240 1490 Sahal.
254 1433 352 1501 Porph.
376 1431 431 1500 Qui
442 1431 562 1486 venedacui
573 1432 721 1499 ntancipia,
740 1433 826 1485 solent
843 1432 894 1486 noc
911 1432 1036 1499 adiicere,
1055 1432 1150 1487 Sonus
1169 1449 1288 1503 corpore

148 1531 173 1580 et
190 1524 291 1576 arcturo.
327 1519 378 1573 Bei
402 1519 503 1572 diesem
526 1519 693 1587 ehemaligen
713 1519 830 1573 Sldsveu
851 1521 929 1574 h’stte
954 1521 1011 1575 also
1032 1521 1080 1574 der
1096 1521 1181 1590 Herr,
1206 1539 1288 1578 wenn

148 1628 179 1666 er
201 1611 248 1664 ihn
272 1606 429 1675 verhaufte,
451 1607 496 1661 die
515 1606 684 1661 Gesundheit
710 1607 758 1662 des
782 1608 950 1663 Verstandes
974 1610 1142 1664 susnehmen
1163 1618 1286 1680 mussen,

148 1698 252 1754 wofern
271 1713 300 1750 er
319 1695 396 1750 einen
415 1698 531 1751 Prozess
551 1695 706 1750 vermeiden
723 1696 821 1750 wollte.
853 1698 905 1751 Cic.
925 1698 958 1752 de
978 1696 1026 1751 Off.
1046 1702 1070 1766 3,
1093 1703 1125 1752 17
1144 1699 1203 1753 Νεε
1220 1717 1287 1754 uero

147 1770 178 1843 in
189 1785 313 1855 proediis
325 1786 412 1838 sotum
428 1785 472 1837 ius
490 1786 569 1839 ciuile
587 1826 593 1839 .
614 1826 620 1839 .
639 1786 771 1839 maiitiam
787 1784 966 1854 fraudemque
985 1787 1116 1855 uindicat,
1135 1787 1185 1840 sed
1203 1786 1288 1843 diam

149 1866 397 1951 inmauccpiorum
408 1873 562 1927 venditione
581 1873 732 1928 ueriditoris
743 1876 831 1942 fraus
848 1877 938 1928 omnis
955 1874 1115 1934 excluditur.
1137 1874 1196 1944 Qui
1212 1879 1287 1930 enim

146 1966 216 2017 scire
239 1962 331 2015 debuit
353 1962 386 2014 de
404 1963 535 2029 sanitate,
561 1963 593 2016 de
613 1964 697 2031 supa,
722 1963 755 2018 de
770 1965 869 2031 furtis,
890 1969 1019 2030 praestat
1040 1963 1126 2017 edicto
1148 1966 1287 2020 malitiam

147 2046 281 2122 (er'stcht
299 2049 342 2102 fur
361 2049 404 2102 die
425 2050 651 2119 i'error·theilung
664 2049 730 2119 ein).
768 2051 825 2105 Das
844 2052 924 2105 Edict
944 2052 992 2105 der
1007 2050 1122 2106 Aedilen
1134 2052 1196 2122 Dig.
1209 2053 1228 2107 l.
1242 2059 1286 2109 21.

147 2139 200 2194 Tit.
222 2144 235 2193 1
256 2139 289 2192 de
307 2139 387 2192 aedit.
407 2137 493 2192 edicto
512 2139 629 2205 lautete:
652 2139 707 2208 Qui
717 2130 864 2207 ¹mancipia
882 2135 1010 2207 pendeant,
1029 2142 1156 2194 certiores
1172 2142 1287 2208 faciam

146 2229 286 2297 emptores,
305 2226 374 2297 quid
385 2229 479 2281 morbi
496 2229 584 2282 uitiioe
603 2229 699 2295 cuique
717 2230 761 2294 sit,
782 2230 843 2297 quis
859 2230 994 2298 fugitiuus
1012 2244 1104 2283 errooe
1122 2230 1159 2283 sit
1175 2246 1287 2285 nonnae

146 2320 251 2372 solutus
272 2332 330 2369 non
352 2316 402 2369 sit:
429 2316 573 2384 eodemque
597 2317 706 2382 omnio,
729 2333 789 2370 cum
811 2332 844 2370 ea
866 2310 1006 2385 mancipia
1024 2318 1164 2386 venibunt,
1185 2321 1287 2387 potam

145 2412 213 2462 recte
233 2405 469 2473 pronunciantu-
489 2403 613 2472 Quodsi
630 2407 797 2472 ruarecipium
814 2403 946 2458 adversus
963 2421 997 2458 eo
1014 2407 1137 2474 uenisset,
1158 2406 1216 2461 siue
1235 2407 1292 2462 ad-·

144 2509 239 2550 uersus
258 2493 330 2561 quod
348 2492 448 2547 dictum
462 2494 661 2560 promissumve
677 2494 773 2560 suerit,
794 2509 855 2546 cum
873 2495 990 2562 ueniret,
1006 2496 1111 2562 suisset,
1131 2495 1208 2563 quod
1225 2486 1286 2550 eius

143 2583 286 2654 praestari
298 2586 422 2647 oportere
441 2580 555 2649 dicetur,
575 2583 692 2649 emptori
709 2581 886 2649 omnibusque
904 2581 942 2635 ad
959 2598 1026 2650 quos
1045 2599 1077 2636 ea
1094 2598 1137 2637 res
1153 2585 1286 2654 pertinet,

145 2671 280 2725 iudicium
300 2670 438 2737 daminus,
457 2675 489 2723 ut
506 2670 537 2723 id
554 2671 724 2738 mancupium
742 2669 928 2726 redhibentur.
947 2705 980 2714 -
1004 2689 1027 2725 v.
1047 2673 1105 2725 286,
1123 2672 1284 2743 Exciperet,

145 2761 268 2826 excipere
287 2757 405 2810 debedat.
425 2758 460 2822 [t
481 2757 576 2826 Suppl.
595 2759 621 2812 si
638 2759 775 2826 saperet]
794 2791 828 2801 —
846 2776 870 2813 r.
889 2763 947 2814 287.
968 2759 1093 2826 Meneni,
1114 2759 1157 2815 ein
1177 2758 1283 2816 damnis

145 2846 274 2901 lebender
286 2845 505 2915 Wahnsinniger,
525 2847 593 2900 oder
611 2846 655 2900 ein
666 2849 692 2901 N
693 2864 744 2916 arr,
767 2847 820 2901 den
836 2847 885 2902 der
899 2847 1031 2902 Satiriher
1044 2846 1129 2901 durch
1143 2847 1218 2903 diese
1233 2850 1286 2903 Er-

145 2937 281 3003 w'ihnung
299 2951 361 2986 zum
381 2934 594 3004 Wahnsinnigen
612 2937 710 2990 macht.
730 2937 789 3006 Vgl.
807 2942 830 3004 l,
845 2941 869 3006 3,
880 2940 921 2992 82.
940 2936 980 2989 Im
995 2935 1083 2991 Schol.
1098 2937 1198 3005 Porph.
1216 2954 1293 2993 werf

145 3025 198 3099 den
217 3025 257 3078 als
276 3023 500 3091 sprdchwdrthch
518 3014 813 3080 Meneniaestudtitiae
831 3027 872 3080 oet
888 3026 1007 3099 ineptiae
1030 3023 1181 3092 angeffihrt‘.
1200 3081 1204 3089 ,
1220 3026 1285 3082 Wie

104 3150 107 3157 ·
144 3114 248 3168 konnte
259 3111 375 3166 Turneh.
385 3108 501 3167 Advers.
511 3106 555 3181 23,
566 3107 734 3167 iindiesem
740 3115 845 3169 Numen
858 3113 902 3168 ein
915 3108 1113 3181 appellativum
1121 3111 1214 3166 finden
1228 3131 1284 3170 von

144 3189 280 3275 periodum
300 3201 366 3256 oder
382 3205 495 3272 μέμηνα
514 3202 646 3271 gebildet!
665 3234 699 3275 3-
721 3219 744 3255 v.
766 3205 825 3257 289.
839 3203 978 3258 ‚cubantis
1000 3201 1025 3255 S.
1046 3219 1085 3254 zu
1102 3206 1124 3270 1,
1144 3203 1168 3269 9,
1192 3206 1232 3257 18.
1247 3214 1307 3271 ᾖ·

142 3294 169 3345 'u
190 3293 250 3344 291.
270 3307 322 3358 quo
339 3295 371 3344 tu
389 3290 489 3344 iridicis
507 3293 620 3346 ieiunia.
658 3289 746 3345 Sahal.
766 3293 868 3359 Porph.
888 3292 944 3346 Die
963 3290 1046 3344 Iouis.
1083 3290 1115 3342 In
1134 3289 1283 3346 Griechen-

127 3379 209 3439 ¹land
233 3378 326 3434 wurde
349 3395 392 3432 am
410 3379 514 3434 dritten
532 3381 605 3449 Tage
625 3379 674 3433 der
693 3379 927 3448 Thesmophorion
945 3379 981 3432 im
1000 3375 1113 3447 Tempel
1132 3377 1180 3432 der
1199 3377 1284 3436 Ceres
1376 3404 1380 3413 ·

145 3484 198 3523 ron
217 3467 270 3521 deu
295 3467 343 3522 das
363 3468 430 3522 Fest
449 3468 589 3522 feicrnden
607 3469 737 3523 Weibern
755 3469 886 3538 gefsstet,
911 3484 1007 3522 wovon
1027 3468 1075 3521 der
1094 3469 1152 3537 ng
1170 3469 1285 3535 νηστεία

145 3556 233 3625 hiess;
253 3556 336 3610 dsher
354 3555 382 3609 in
397 3557 468 3611 Rom
487 3557 530 3611 die
548 3557 712 3627 Decemvirn,
727 3574 776 3612 aus
797 3557 849 3626 dep
869 3556 1075 3626 Sibyllinischen
1092 3556 1219 3610 Btichern
1238 3574 1285 3612 nn·

144 3644 295 3722 kundigen,
320 3643 378 3698 Liv.
398 3647 441 3714 36,
461 3649 494 3700 37
513 3646 652 3701 Ieiunium
669 3647 867 3701 instituendum
886 3646 1004 3702 Cereri
1021 3661 1077 3699 esse
1095 3650 1119 3699 et
1136 3643 1168 3697 id
1185 3647 1284 3713 quinto

146 3748 344 3811 gnomonum
363 3733 535 3787 seruandum.
572 3734 631 3802 Vgl.
653 3734 754 3804 Spanh
773 3753 809 3789 zu
828 3734 928 3789 Gallim.
947 3734 981 3787 H.
1000 3733 1028 3787 in
1047 3731 1135 3787 Gerer.
1156 3735 1172 3785 6
1191 3750 1217 3787 u.
1240 3737 1281 3786 12.

127 3820 214 3903 ‘Dein
226 3820 336 3889 Jupiter
348 3839 382 3874 zu
395 3823 489 3878 Ehren
501 3841 536 3878 zu
553 3823 652 3892 iusten,
671 3824 707 3879 ist
727 3824 817 3879 weder
835 3824 1024 3894 griechischer,
1043 3823 1114 3877 noch
1132 3821 1284 3876 romischer

144 3911 217 3962 ritus
235 3925 367 3978 genesen
399 3911 455 3966 Dus
475 3912 617 3982 pnsinnige
635 3911 756 3972 Geldbde
776 3913 824 3975 der
842 3911 1082 3982 abergliubisehen
1102 3911 1174 3964 Frsu
1193 3909 1290 3965 fliesst'

147 4015 196 4053 sus
222 3999 427 4055 orientalischer
451 4001 517 4055 oder
532 4001 674 4071 judischcr
691 4003 863 4070 superstitio,
888 4001 932 4056 die
947 3999 1037 4055 ‚sicin
1056 3998 1282 4058 den·rdmischen

14 4092 19 4102 ‘
74 4108 77 4113 ’
145 4089 233 4141 cuitus
251 4087 424 4160 hincintrigt.
462 4091 513 4143 hm
533 4086 773 4159 uicinitatem
793 4085 1178 4154 orientalischeBenennung)
1198 4085 1299 4142 feste·-

128 4171 195 4230 'ten
214 4175 256 4230 die
275 4176 378 4246 «tuden,
404 4195 425 4233 s.
448 4177 554 4232 Selden.
575 4179 608 4232 de
626 4179 647 4231 Ι.
667 4181 699 4233 N.
719 4182 816 4249 3,·15;
839 4179 908 4233 auch
932 4179 980 4232 das
999 4174 1200 4246 versproche'ne
1218 4176 1284 4230 Ein-

147 4266 265 4321 tauchcu
291 4267 338 4321 des
358 4268 473 4322 Knaben
495 4266 523 4319 in
547 4267 590 4328 die
610 4268 691 4321 Tiber
709 4267 745 4321 ist
757 4268 809 4321 'ein
828 4263 1034 4322 orientalischer
1052 4267 1123 4321 ritus
1141 4266 1289 4333 expiandi:
1375 4331 1378 4339 Ι
