2864 4756
622 319 680 374 Sat.
699 319 722 388 Ι,
741 322 808 374 71.
828 321 904 374 3-7.

259 492 412 558 Omnibus
435 498 468 558 et
490 493 585 574 lippis
606 497 717 558 notum
743 496 777 557 et
796 491 980 558 tonsoribus
1003 510 1083 557 esse.

257 604 388 668 Persius
411 603 462 668 hic
482 622 659 684 permagno
681 603 810 685 negotia
832 604 920 668 dives
943 602 1084 668 habebat

258 712 464 794 Clazomenis,
485 715 580 780 etism
605 714 670 778 litis
694 733 764 779 cum
787 715 877 794 Rege
900 713 1060 792 molestas,
1310 719 1329 774 5

258 825 367 889 Durus
389 825 483 889 homo
506 829 603 906 atque
626 824 698 888 odio
721 825 775 906 qui
796 828 906 904 posset
928 824 1055 888 vincere
1078 824 1209 904 Regem,

259 934 427 1001 Confidens
450 935 665 1015 tumidusque,
689 936 769 1000 adeo
793 934 950 1000 sermonis
972 934 1082 1014 amari,

194 1169 229 1206 zu
247 1151 334 1206 Varro
354 1157 378 1220 2,
398 1157 422 1221 2,
442 1169 469 1220 p.
490 1154 549 1205 411.
568 1185 602 1193 -
621 1169 644 1205 1.
665 1156 689 1205 3.
711 1151 844 1206 Omnibus
863 1157 889 1204 et
905 1153 997 1220 lippis.
1026 1151 1115 1205 Schol.
1130 1150 1230 1219 Porph.
1249 1151 1331 1207 Adeo

193 1240 235 1292 ait
252 1238 424 1308 dieulpatum
441 1255 510 1307 esse,
535 1240 634 1307 peribus
656 1239 744 1293 modis
767 1242 916 1293 insectatus
933 1243 970 1294 sit
988 1240 1103 1293 Persius
1120 1240 1279 1307 Rupilium,
1299 1246 1333 1294 ut

193 1333 219 1380 et
244 1328 275 1379 in
302 1328 448 1382 tonstrinis
475 1329 542 1381 baec
569 1334 595 1380 et
615 1327 757 1380 medicinis
779 1333 899 1382 narratu
922 1329 984 1380 sint.
1026 1328 1099 1381 Fere
1120 1333 1210 1380 antem
1230 1327 1262 1380 in
1284 1328 1331 1381 ln's

196 1413 316 1479 officinis
340 1416 423 1468 otiosi
443 1417 531 1470 solent
553 1415 694 1468 considere
718 1431 750 1467 ac
772 1431 816 1468 res
838 1415 995 1468 rumoribus
1009 1416 1201 1483 frequentatas
1222 1416 1330 1483 fabule's

195 1502 338 1555 celebrare.
369 1503 435 1558 Wer
457 1505 531 1558 nicht
557 1503 651 1572 eigene
671 1502 788 1557 Sklaven
807 1520 868 1557 zum
889 1503 1009 1557 Scheren
1027 1504 1083 1557 und
1102 1503 1216 1557 Rusiren
1234 1503 1330 1558 holten

194 1590 305 1659 konnte‚
325 1591 388 1660 ging
407 1591 550 1660 deswegen
569 1591 617 1646 des
636 1592 765 1660 Mergens
784 1592 811 1644 in
831 1592 890 1645 eine
910 1594 1064 1660 tonstrina,
1083 1596 1225 1662 κουρεῖον,
1244 1591 1331 1646 duher

195 1676 254 1731 hier
273 1677 321 1731 der
339 1696 435 1747 grosse
453 1680 683 1734 Znsemmenfluss
702 1697 755 1734 von
776 1680 938 1747 Mensehen,
958 1697 1011 1734 von
1030 1679 1255 1747 Mussiggingern
1273 1678 1331 1732 und

197 1764 379 1821 Schwitzern.
418 1767 444 1822 S.
465 1767 577 1823 Caseub.
598 1785 632 1822 zu
652 1769 790 1838 Theophr.
811 1768 887 1822 Cher.
910 1773 950 1836 ll,
970 1786 995 1836 p.
1020 1772 1076 1820 137.
1113 1765 1166 1818 Ein
1190 1766 1330 1820 thulicher

195 1855 424 1910 Znsamrnenfluss
438 1874 494 1911 wer
505 1856 533 1909 in
547 1857 598 1911 den
608 1857 750 1910 medicinis
761 1857 828 1910 oder
837 1857 958 1910 tabernis
971 1856 1145 1922 rrudicnrum,
1157 1855 1330 1924 dergleichen

196 1944 310 1997 taberne
328 1952 421 1998 zuerst
440 1962 499 1998 ums
518 1945 543 1998 J.
564 1949 614 1999 535
634 1945 682 1998 der
694 1944 808 1998 Grieohe
821 1945 1012 2013 Archagathus
1031 1944 1058 1996 in
1071 1943 1140 1997 Rorn
1154 1943 1265 2011 publice
1282 1959 1329 1996 sn·

194 2032 275 2100 legte,
296 2034 344 2100 qui
358 2035 467 2100 primus
486 2034 591 2087 Romae
610 2033 774 2086 medicinam
790 2035 884 2100 facere
897 2033 1022 2086 instituit.
1043 2031 1120 2102 (Plin.
1133 2032 1203 2085 nach
1216 2030 1327 2086 (lessius

195 2120 318 2187 Hemina,
338 2123 379 2189 29,
399 2120 433 2189 6).
465 2121 553 2175 Plsut.
575 2121 709 2190 Amphitr.
724 2125 748 2190 4,
765 2125 818 2188 1,3
837 2123 912 2175 Nam
931 2122 1019 2174 menis
1033 2122 1143 2187 plateas
1156 2120 1328 2189 perreptani,

193 2211 341 2278 ppmnasia
359 2216 385 2264 et
401 2212 569 2278 myropolia:
589 2210 676 2278 Apud
694 2211 844 2275 emporium
864 2215 945 2277 atquc
956 2210 988 2260 in
1001 2210 1120 2274 mucello,
1139 2209 1170 2261 in
1184 2209 1330 2275 palaestra

195 2304 276 2366 etque
294 2300 325 2352 in
341 2301 417 2364 scre:
437 2299 473 2351 In
493 2299 648 2365 medicinis,
672 2301 703 2351 in
722 2298 880 2363 tonstrinis,
909 2296 986 2364 apnd
1008 2298 1097 2350 omnis
1119 2295 1196 2348 aedis
1219 2309 1330 2348 sacras:

196 2384 264 2438 Sum
287 2386 406 2452 defessus
428 2386 626 2453 quaeritanda,-
649 2403 786 2455 nnsqnum
809 2386 919 2438 inuenio
944 2386 1122 2439 Naucratem.
1162 2385 1251 2454 Lippi
1273 2383 1332 2438 hier

198 2480 267 2527 ststt
287 2473 393 2527 solcher
411 2474 579 2543 uberhaupt,
605 2474 705 2528 welche
731 2473 806 2528 diese
824 2471 976 2526 medicinas
993 2473 1158 2540 besuehten,
1178 2471 1239 2526 weil
1257 2471 1329 2527 disse

197 2560 350 2614 Krsnlrheit
368 2560 518 2615 besonders
536 2562 686 2616 herrsehte.
712 2562 765 2615 Ein
780 2560 956 2630 Spruchwort
973 2561 1052 2615 httte
1071 2558 1176 2614 freilich
1195 2559 1223 2612 in
1243 2558 1331 2614 dieser

199 2647 283 2702 Stelle
301 2647 433 2703 Erasmus
453 2650 521 2703 eben
540 2667 570 2704 so
590 2649 677 2718 wenig
695 2650 734 2703 als
754 2649 782 2701 in
795 2649 912 2703 tausend
925 2648 1028 2702 andern
1041 2647 1133 2702 finden
1148 2648 1248 2717 sollen;
1266 2648 1331 2703 dsss

200 2734 265 2789 eber
282 2734 373 2789 Horez
392 2735 465 2806 hier,
489 2737 579 2792 indern
597 2753 627 2793 er
647 2738 699 2791 den
717 2737 844 2806 Rupilius
863 2736 1008 2792 licherlich
1026 2738 1139 2791 macheu
1157 2737 1223 2805 will,
1248 2736 1332 2791 demit

198 2821 302 2891 anfing,
331 2823 406 2878 seine
425 2825 518 2894 eigene
543 2825 679 2894 lippitudo
702 2843 737 2880 zu
761 2825 931 2894 bespbtteln,
958 2823 1066 2879 kbnnen
1089 2824 1138 2878 wir
1159 2824 1276 2894 Bentley
1299 2840 1331 2879 so

198 2911 285 2980 wenig
303 2911 343 2965 sls
362 2929 397 2966 zu
418 2913 474 2968 Set.
497 2919 519 2983 l,
540 2921 609 2970 extr.
630 2913 754 2983 glauben.
774 2947 808 2956 -
826 2913 894 2967 Wsr
906 2911 951 2966 die
965 2911 1052 2965 Seche
1064 2913 1130 2966 eber
1143 2910 1332 2981 stsdtlrundig,

198 3015 299 3053 warum
319 3000 424 3056 eruthlt
443 3001 483 3055 sie
501 3003 613 3057 Horez?
651 3002 767 3071 Bentley
785 3008 932 3055 sntwortet
950 2999 999 3054 mit
1024 2999 1100 3055 Ouid.
1124 3002 1156 3055 A.
1176 3002 1208 3055 A.
1231 3003 1259 3068 1,
1280 3003 1329 3055 681

200 3088 312 3144 Fabula
329 3094 397 3142 notu
414 3090 534 3156 quidem,
554 3090 603 3144 scd
619 3108 676 3146 non
694 3090 814 3158 indipna
832 3089 945 3155 referri,
964 3089 1020 3144 und
1040 3089 1089 3143 der
1106 3088 1221 3143 Dichter
1241 3088 1333 3143 wollte

199 3176 242 3231 die
260 3176 405 3231 Anekdote
427 3176 463 3231 im
485 3177 637 3232 Andenken
661 3177 792 3232 erhelten.
820 3207 854 3217 -
881 3193 904 3228 1.
924 3179 948 3229 4.
976 3179 1095 3246 nepotis.
1139 3176 1228 3232 Schol
1252 3174 1332 3245 Cruq.

199 3266 275 3319 11001
290 3267 362 3319 enim
378 3267 532 3335 nepotiutor
551 3265 628 3334 apnd
646 3265 831 3320 Clazomenas.
869 3264 931 3317 Von
949 3263 1003 3318 den
1020 3265 1247 3334 nepotiatoribns,
1266 3269 1332 3320 rbm.

198 3351 334 3421 Burgern,
359 3351 401 3406 die
424 3353 505 3409 theils
529 3354 587 3408 ihre
610 3351 761 3422 capitulien
786 3369 820 3406 sn
847 3352 890 3406 die
909 3351 1098 3406 Provinzialen
1118 3352 1260 3407 ausliehen
1277 3352 1334 3408 und

198 3438 226 3491 in
245 3438 299 3493 den
316 3440 477 3510 Provinzen,
496 3458 537 3496 wo
550 3441 612 3494 kein
627 3440 727 3495 Gesetz
741 3441 794 3494 den
805 3440 930 3495 Zinsfnss
943 3440 1106 3509 bestimmte,
1123 3442 1206 3508 fenus
1218 3441 1334 3510 trieben,

198 3526 280 3581 theils
299 3527 428 3583 Getreide
451 3527 479 3582 in
501 3528 550 3583 der
571 3529 687 3583 Provinz
709 3528 872 3583 ssrfksnften
896 3528 952 3583 und
976 3528 1060 3583 demit
1083 3530 1152 3583 nach
1174 3529 1245 3584 Rom
1267 3531 1333 3586 hen·

202 3613 301 3682 delten,
320 3616 368 3670 hat
388 3633 430 3670 em
448 3617 546 3673 besten
564 3617 677 3671 Ernesti
694 3616 723 3669 in
741 3616 839 3686 Opusc.
859 3617 960 3683 Philol.
976 3616 1041 3671 erit.
1062 3616 1095 3670 de
1108 3617 1134 3672 N
1136 3617 1333 3686 egotietoribus

199 3701 328 3757 Romanis
347 3721 374 3773 p.
395 3709 410 3760 3
429 3721 487 3775 sqq.
507 3705 564 3759 und
582 3705 610 3758 in
629 3705 678 3758 der
690 3703 777 3759 Clanis
792 3704 913 3759 Ciceron.
933 3704 1087 3774 gehsndelt.
1115 3707 1236 3776 Nepotia
1249 3707 1335 3762 selbst

200 3788 255 3843 fest
272 3789 366 3844 immer
383 3809 444 3848 vom
462 3800 592 3863 quaestus
610 3809 645 3846 ecc
660 3794 763 3861 fenore.
795 3794 821 3847 S.
840 3793 906 3847 Ern.
926 3792 998 3847 Clev.
1017 3827 1052 3835 -
1070 3793 1218 3846 11100110.
1244 3792 1333 3848 Schol.

200 3879 298 3931 Acron
314 3895 370 3947 pro
388 3882 519 3948 molestie,
538 3886 570 3936 nt
589 3882 693 3936 Terent.
722 3881 796 3951 (Hec.
818 3887 840 3950 1,
860 3884 885 3949 2,
900 3880 951 3949 59).
980 3884 1020 3936 At
1037 3888 1060 3937 te
1080 3881 1121 3935 dii
1139 3881 1256 3949 deaeque
1274 3897 1335 3935 cum

200 3971 246 4020 tuo
258 3966 326 4020 istoc
338 3966 412 4035 odio,
422 3970 538 4037 Laches,
550 3970 683 4025 deinem
695 3969 974 4038 widerwbrtigen,
988 3969 1333 4039 gehessigenWesen.

200 4053 278 4108 Eben
291 4070 322 4110 so
335 4053 398 4109 ibid.
411 4059 445 4112 48
464 4059 615 4112 Tundendo
634 4065 714 4128 atque
733 4059 796 4114 00110
814 4059 1016 4127 (molestissima
1033 4057 1207 4124 asmduitate)
1220 4056 1335 4127 deniqne

202 4143 290 4212 effecit
306 4158 395 4197 senen
431 4144 492 4214 Vgl.
511 4145 599 4201 Pleut.
618 4148 693 4201 Asin.
713 4151 737 4211 2,
758 4150 783 4216 4,
802 4150 845 4202 40.
883 4150 908 4216 5,
929 4150 953 4215 2,
973 4150 1014 4202 71.
1035 4179 1069 4188 -
1088 4163 1112 4200 v.
1132 4150 1155 4200 7.
1182 4145 1333 4213 Considius.

204 4229 293 4286 Schot
322 4229 401 4299 Cruq.
431 4230 576 4300 donidius
599 4234 631 4288 in
652 4237 745 4305 mulis,
768 4235 818 4292 sed
836 4235 924 4303 fidens
945 4237 975 4290 in
998 4236 1084 4291 bonis
1120 4233 1153 4288 In
1176 4234 1226 4290 der
1248 4234 1336 4290 tltern
