2864 4756
157 326 218 387 ssn
547 335 604 392 su.
624 336 661 406 11,
681 339 704 394 5.
723 353 748 390 v.
768 338 897 392 rto-103.

219 508 270 572 Ad
292 509 415 574 eaelum
437 509 582 576 manibus
605 510 740 576 sublatis
763 508 889 590 dixerit,
914 528 994 592 urge
1017 516 1051 575 et

221 617 425 684 Crescentem
448 621 578 687 tumidis
600 619 676 686 infla
695 621 896 686 sermonibus
919 627 1034 688 utrem.

220 720 299 795 Cum
322 734 355 794 te
378 731 509 797 servitio
533 732 628 812 longo
652 748 792 811 curaque
814 732 939 813 levarit,

156 901 162 906 .
218 841 262 904 Et
284 847 406 906 certum
428 842 573 924 vigilans,
594 842 735 920 Quartae
758 845 828 906 esto
849 843 952 923 partis
975 843 1094 924 Ulixes,
1230 850 1291 904 100

219 952 379 1034 Audieris,
403 952 512 1019 heres:
536 954 623 1036 Ergo
646 972 728 1018 nuno
750 954 853 1028 Dama
875 953 993 1020 sodalis

218 1062 383 1143 Nusquam
406 1065 479 1128 est?
502 1064 585 1128 unde
608 1063 685 1129 mihi
708 1068 773 1129 tem
793 1063 909 1128 fortem
932 1069 1061 1145 tamque
1083 1063 1233 1130 fidelem?

218 1173 341 1256 Sparge
365 1174 508 1254 subinde,
532 1178 573 1253 et,
597 1175 624 1239 si
646 1175 789 1256 paullum
810 1179 903 1255 potes
926 1174 1128 1257 illacrimans,
1151 1181 1203 1241 est

152 1355 251 1410 Vollst.
284 1356 341 1409 Obe
370 1356 428 1410 inm
457 1358 526 1411 sutis
555 1362 601 1411 est.
648 1355 674 1409 S.
705 1360 732 1424 1,
761 1360 790 1425 5,
821 1360 860 1410 12.
908 1355 1013 1422 [Diese
1041 1356 1209 1426 Ergsnzung
1240 1358 1289 1412 des

152 1443 374 1513 Hauptbegriffes
395 1444 433 1498 ist
457 1443 622 1513 unzulissig.
658 1443 751 1498 Daher
776 1445 846 1499 nach
868 1445 1207 1501 Meineke:doueoObe1
1231 1447 1291 1500 ium

151 1532 313 1586 ..diruerit
351 1531 467 1585 Martini,
488 1537 516 1600 7,
537 1535 584 1601 50,
607 1533 638 1584 14
659 1537 685 1586 et
700 1547 783 1600 quum
806 1533 878 1586 iarn:
902 1534 990 1587 satis
1013 1535 1080 1588 est!
1102 1534 1218 1602 disseris,
1244 1535 1291 1588 elle

152 1620 248 1688 leuet]
275 1652 309 1661 —
336 1635 360 1671 v.
390 1622 431 1673 97.
459 1619 507 1673 Aa
533 1622 636 1675 eoelum
662 1620 791 1674 monibus
817 1623 939 1676 sublatis.
980 1620 1037 1676 Das
1064 1620 1213 1676 Aufheben
1242 1621 1292 1676 der

151 1707 248 1761 Htude
272 1707 309 1761 isi
333 1706 392 1761 eine
411 1706 608 1763 Geslioulation
628 1708 676 1763 der
695 1709 925 1778 Verwunderung.
963 1707 1059 1763 Catuli.
1082 1708 1175 1779 Epign.
1202 1713 1252 1779 53,
1271 1711 1290 1762 4

151 1796 306 1849 Admirous
329 1797 371 1849 ait
394 1796 460 1850 bueo
483 1812 634 1864 munusque
652 1798 763 1865 tollens,
790 1798 833 1851 Di
850 1798 947 1865 muyni
963 1798 1130 1864 salaputium
1148 1797 1289 1852 disertum.

151 1883 204 1937 Cic.
224 1883 307 1936 Arari.
327 1881 437 1949 Quaest.
458 1887 481 1951 2,
504 1887 535 1938 19
554 1885 723 1940 Hortensius
743 1892 833 1941 unum
851 1887 1018 1940 veliementer
1035 1886 1192 1952 admirans,
1217 1886 1294 1954 quod

151 1973 259 2041 quidem
277 1978 411 2042 perpetuo
433 1973 550 2027 Lucullo
574 1975 697 2041 loquente
716 1975 831 2042 fecerat,
858 1980 890 2028 ut
909 1975 991 2027 etium
1013 1989 1111 2028 munus
1134 1989 1215 2042 saepe
1239 1975 1288 2029 tol-

151 2062 221 2115 leret.
258 2061 339 2114 Mehr
367 2060 483 2114 doruber
509 2061 583 2129 giebt
610 2063 643 2117 N.
672 2062 801 2117 Heinsius
829 2080 864 2116 zu
891 2063 1001 2116 Petron.
1028 2062 1110 2117 Satin.
1138 2077 1160 2117 c.
1184 2064 1227 2115 40.
1255 2093 1290 2104 -

150 2165 174 2203 v.
201 2151 242 2204 98.
271 2149 435 2203 Crescentem
463 2148 582 2203 tumidis.
621 2148 709 2205 Sohol.
734 2149 814 2219 Crnq.
841 2151 943 2217 inentis
968 2156 994 2205 et
1020 2151 1175 2220 muyuifiois
1197 2150 1290 2204 uerbis

150 2253 210 2292 eum
232 2239 355 2306 ouurula,
378 2242 404 2291 et
426 2243 529 2305 quanto
553 2239 740 2306 munionides
764 2255 824 2293 eum
848 2237 977 2293 laudibus
996 2239 1079 2308 erioi,
1103 2242 1179 2292 toute
1197 2241 1289 2308 moqis

149 2341 210 2379 eum
228 2325 387 2394 praeconiis
410 2327 475 2393 effer
497 2331 523 2381 et
541 2328 622 2394 falsis
646 2326 775 2381 laudibus
797 2328 869 2383 uelut
889 2333 978 2382 utrem
1001 2328 1086 2382 oenus
1103 2327 1204 2394 inflare
1222 2341 1289 2381 oon·

149 2413 234 2469 tende.
253 2447 287 2456 -
310 2430 334 2467 v.
356 2417 413 2468 100.
436 2420 539 2468 certum
560 2416 685 2484 oiorlous.
724 2415 812 2470 Sehol.
837 2415 915 2484 Cruq.
939 2416 1065 2470 iucunde.
1101 2413 1196 2468 Solent
1215 2415 1290 2469 euim

150 2503 284 2570 homiues,
304 2518 374 2570 quae
391 2502 557 2557 veliementer
575 2509 673 2572 optuut
689 2505 846 2573 rioiloutes,
861 2519 914 2572 per
932 2503 1068 2557 somnium
1084 2501 1183 2556 uidere.
1208 2503 1290 2571 Erqo

148 2591 208 2645 noli
227 2589 347 2658 eredere,
375 2595 399 2645 te
423 2591 546 2646 borealem
567 2593 701 2660 seriptum
722 2608 790 2660 esse,
818 2592 875 2644 nisi
900 2591 971 2645 illud
996 2591 1115 2659 uiuimus
1143 2589 1284 2644 audieris.-

154 2679 262 2747 Ulusses
285 2683 402 2746 quartae
419 2675 514 2748 portis
538 2679 616 2734 beros
636 2685 699 2735 esto.
735 2679 791 2734 Das
814 2677 977 2747 Gegeutheil
997 2677 1035 2733 ist
1058 2680 1192 2733 incertum
1215 2679 1286 2748 rioi-

150 2768 221 2833 lnre‚
248 2765 326 2819 halb
353 2768 514 2822 wechend
542 2768 620 2822 sein.
659 2767 686 2821 S.
709 2767 798 2822 Bentl.
825 2800 859 2810 -
886 2773 941 2822 esto
963 2767 1048 2822 bores.
1091 2765 1142 2819 Die
1167 2765 1290 2834 legitime

150 2853 260 2908 Formel
282 2854 311 2907 in
335 2856 542 2925 Testamenten,
570 2857 630 2910 solu
656 2857 726 2910 mibi
750 2873 824 2912 uuor
845 2856 923 2911 beros
951 2862 1021 2923 esto,
1048 2854 1228 2922 Sempronius
1254 2872 1289 2910 en

144 2947 226 3008 porte
245 2941 362 2996 dimidio
380 2945 457 2999 lieres
475 2950 537 2998 esto.
564 2943 590 2997 S.
610 2943 699 2998 Bentl.
719 2976 753 2986 -
771 2961 795 2998 v.
817 2949 873 2998 101.
893 2946 972 3014 Fuso
990 2957 1066 2998 uuus
1084 2944 1186 2997 Domo.
1205 2944 1288 3012 Erue

149 3030 193 3083 ein
216 3031 363 3085 Ausdrusk
385 3033 434 3087 der
456 3033 618 3101 Wehmuth,
640 3031 690 3087 wie
709 3030 757 3086 Od.
777 3036 806 3102 1,
825 3035 872 3103 24,
891 3037 907 3088 5
929 3034 1009 3102 Eryo
1036 3031 1201 3101 Quintilium
1222 3045 1287 3098 per·

136 3124 246 3186 'metune
268 3135 352 3190 sopor
376 3119 475 3190 urqet?
511 3120 587 3175 Ouid.
611 3119 695 3174 Trisl.
720 3123 749 3189 3,
768 3124 796 3189 2,
819 3125 840 3174 l.
877 3124 957 3190 Fsrqo
984 3120 1100 3174 eratin
1125 3119 1195 3186 fotis
1221 3119 1287 3189 Say-

149 3209 236 3263 ibium
259 3224 365 3276 quoque
386 3211 474 3264 uisere
495 3207 622 3263 nostris?
656 3208 766 3264 Heroid.
789 3214 828 3278 18,
850 3213 900 3264 183
923 3209 1003 3277 Erue
1021 3223 1070 3276 eoo
1089 3212 1113 3262 te
1130 3223 1286 3276 nunqnam,

149 3298 207 3351 nisi
223 3313 284 3350 eum
301 3298 372 3352 uolet
387 3297 480 3365 unda,
500 3297 607 3366 tenebo,
629 3300 671 3353 Et
686 3315 727 3352 me
743 3299 849 3366 felicem
866 3298 944 3352 nullu
960 3296 1063 3350 uidebit
1080 3294 1188 3349 biems?
1225 3295 1287 3365 Vgl.

150 3386 232 3440 Trist.
252 3391 280 3455 2,
300 3389 360 3440 543.
397 3390 426 3455 3,
448 3390 494 3454 10,
514 3391 548 3441 77
567 3401 601 3440 ex
619 3387 698 3441 Pout.
718 3389 750 3456 4,
771 3389 814 3456 14,
836 3389 875 3439 17.
895 3419 928 3426 -
947 3401 970 3438 v.
993 3387 1049 3437 102.
1070 3385 1217 3452 Nusquam
1236 3389 1285 3451 est,

149 3475 248 3544 grieoh.
277 3472 359 3529 οὐκέτ’
389 3475 453 3529 ἐστι’.
498 3473 525 3527 S.
550 3472 647 3529 Gatuk.
677 3475 711 3529 de
735 3476 803 3530 Nou.
830 3474 912 3528 Instr.
938 3471 1014 3541 Stylo
1043 3488 1064 3526 o.
1085 3474 1125 3526 19.
1151 3504 1186 3514 —
1212 3472 1287 3525 undo

149 3565 218 3618 milri
235 3569 291 3618 tum
307 3565 412 3633 fortem.
448 3563 514 3617 Man
531 3563 605 3616 kann
623 3569 773 3633 organum,
793 3563 917 3632 parabo,
936 3566 1045 3629 petoni,
1065 3559 1145 3614 olebit
1162 3559 1288 3628 uliquis?

148 3652 218 3706 Eine
242 3653 425 3708 herrsoheude
443 3651 548 3721 Ellipse
567 3654 598 3719 2,
617 3655 649 3719 7,
671 3654 721 3704 116
744 3651 819 3704 Unde
840 3652 909 3705 inibi
926 3647 1068 3718 unium?
1085 3679 1120 3690 -
1148 3647 1224 3702 Unde
1241 3663 1285 3702 su·

147 3739 257 3809 qittos?
277 3741 370 3794 Senes.
390 3741 468 3795 Hero.
488 3741 553 3794 Fur.
573 3741 625 3793 296
648 3739 724 3793 Unde
741 3741 817 3794 illurn
837 3739 917 3807 utini,
936 3754 990 3807 quo
1008 3742 1032 3791 te
1050 3741 1177 3803 nonque
1196 3737 1285 3791 mute

149 3845 211 3884 rum
229 3831 395 3897 amplector,
415 3828 506 3882 dieu?
544 3827 570 3880 S.
590 3827 653 3881 dort
671 3825 787 3881 Gronov.
811 3827 867 3881 und
886 3826 1001 3881 desselb.
1021 3824 1136 3879 Distrib.
1161 3824 1189 3877 in
1213 3824 1284 3878 Stat.

151 3918 215 3971 Silv.
237 3923 260 3986 1,
280 3920 304 3970 9.
340 3917 432 3971 Heius.
453 3933 488 3969 zu
506 3915 581 3969 Ouid.
601 3915 710 3970 Heroirl
732 3920 773 3984 12,
792 3918 834 3970 84.
854 3948 887 3956 -
912 3931 936 3968 v.
958 3918 1015 3968 103.
1035 3913 1144 3982 Sperne
1161 3913 1284 3967 subinde.
1372 3962 1380 3970 .

152 4006 241 4060 Sohol.
261 4007 323 4060 Aer.
344 4007 501 4074 frequenter
519 4004 647 4073 (possim)
666 4004 755 4058 dieite.
793 4004 878 4059 llaoit.
898 4004 969 4058 Hist.
988 4006 1020 4072 2,
1039 4006 1072 4057 58
1094 4002 1285 4070 Spurqebatnr

150 4096 278 4162 iusuper,
303 4096 435 4149 Albinum
452 4096 562 4164 insigne
579 4093 651 4163 reqis
669 4097 696 4146 et
711 4092 799 4147 Inbue
817 4107 913 4147 uourou
930 4106 1074 4158 usurpare.
1111 4089 1179 4145 Also
1198 4089 1282 4159 nieht,

150 4181 201 4237 wie
227 4182 331 4237 Gesner
358 4184 471 4252 erkltlrt,
501 4183 557 4251 die,
584 4185 726 4249 interpone
752 4181 816 4235 aliis
842 4180 1018 4233 sermonibus.
1050 4210 1084 4220 -
1111 4179 1284 4234 illuerimure.

150 4270 325 4330 Illonrtuurt
344 4273 384 4328 als
402 4272 550 4342 Deponens
574 4271 645 4328 such
666 4269 709 4325 bei
728 4267 781 4323 (lie
807 4269 841 4323 de
859 4269 922 4326 Nat.
946 4268 1020 4324 deor.
1040 4271 1071 4338 3,
1090 4269 1132 4324 33.
1168 4266 1217 4322 Ala
1237 4266 1287 4321 Im-
